2292 3725
538 136 604 272 ιι
659 261 662 264 ,

69 330 182 429 'nnus
196 346 420 441 numeranda
436 367 537 423 sunt:
564 346 692 446 quippe
682 344 879 437 honines,
896 345 952 421 his
976 347 1087 421 rebus

78 450 365 535 circumfluentes,
379 473 420 521 ea
436 449 628 555 desiderant
645 446 810 575 manime,
829 446 972 552 quibus
973 446 1086 519 abun·

77 552 172 625 dant.
364 608 366 611 .

76 722 194 819 Dnlee
210 722 298 823 mnri
305 698 464 837 miseris,
475 722 536 795 sed
555 745 651 795 mors
639 737 806 835 ἱ,οριιιιι
793 720 947 793 recedit:

119 810 179 897 'At
195 818 281 897 curn
296 820 400 893 tristis
416 818 490 906 erit,
509 818 837 917 praecipitatavenit.
1136 763 1138 904 Ι

93 1016 331 1091 Alexandro
350 1016 503 1091 Orientis
519 1016 640 1089 victori
668 1015 839 1091 Corinthii
868 1040 943 1117 ρει
946 1014 1085 1113 legatos
1136 1031 1138 1110 ξ

77 1115 250 1239 gratulati
267 1133 358 1202 sunt,
396 1134 430 1189 et
467 1115 602 1190 civitate
629 1114 728 1188 illurn
754 1113 819 1187 sui
851 1107 1083 1187 donaverunt
1130 1121 1138 1238 l

78 1214 178 1289 Cum
195 1213 319 1291 risisset
333 1215 532 1289 Alexander
544 1214 613 1290 hoc
625 1238 766 1301 munus,
774 1235 925 1287 unusex
937 1210 1138 1333 legant,

78 1313 216 1399 Μ’
206 1338 242 1386 rn
243 1314 327 1413 quit,
347 1311 429 1388 alii
418 1314 589 1388 civitatem
606 1336 761 1410 unquam
783 1310 956 1401 dedimus,
972 1308 1084 1406 quim
1136 1329 1138 1338 ·

20 1466 24 1474 ,
77 1412 234 1486 Herculi.
296 1414 393 1485 Tum
425 1414 510 1488 verb
544 1412 763 1493 Alexander
787 1412 912 1483 iubens
926 1408 1083 1505 accepit
1136 1429 1138 1437 ⁸

78 1510 276 1582 honorem':
312 1532 426 1607 neque
455 1528 526 1584 tam
554 1536 615 1584 eos
643 1508 807 1606 respexit,
823 1508 884 1606 qni
911 1483 1033 1582 sibi
1001 1506 1084 1581 crvi-

78 1623 183 1678 tatem
211 1608 390 1695 donarent,
420 1632 528 1707 quarn
555 1608 670 1701 illum,
702 1608 761 1683 cui
793 1608 866 1695 nni,
885 1622 1081 1744 antequam

37 1702 155 1794 sibi,
173 1704 356 1778 dedissent.
692 1731 739 1747 ·’

12 1915 14 1984 t
377 1826 763 2020 Majoretnmnitn
769 1955 784 1964 ι-
1065 1928 1138 1981 ·.

77 1993 294 2110 Planguntur
309 2020 458 2089 numnn,
475 2023 585 2102 quam
606 2001 741 2106 funera.
791 2002 910 2096 Nemo
923 2001 1081 2084 dolorem

77 2087 217 2193 Εἲιιςιι
207 2119 243 2166 ιιι
260 2095 328 2198 hnc
345 2121 437 2170 casu.

22 2324 34 2341 t„
127 2247 399 2385 Consuetudinis
424 2293 552 2386 magna
566 2270 618 2346 vis
643 2290 721 2363 est3
760 2287 1086 2370 pernoctantem·

18 2370 27 2519 ⁵2
77 2377 193 2444 tores
185 2363 221 2439 in
237 2364 326 2454 nive,
345 2367 381 2440 in
398 2365 574 2446 montibus
591 2369 646 2444 ιη’
661 2396 699 2446 se
715 2373 910 2515 patiuntur.

77 2535 159 2613 Pica
174 2537 208 2611 lo
209 2557 321 2636 qums,
334 2539 428 2615 cerat
444 2542 625 2616 dominum
644 2519 679 2617 te
695 2569 782 2617 voce
797 2544 971 2619 saluto.

128 2633 165 2710 Si
181 2659 239 2714 me
254 2661 327 2712 non
343 2638 472 2730 videas,
488 2665 561 2754 esse
577 2641 718 2742 negabis
733 2667 846 2717 avem

127 2817 216 2914 lpsae
247 2817 332 2892 ferae
374 2819 519 2894 officia
524 2820 697 2899 sentiunt:
731 2847 821 2904 nec
862 2808 977 2913 ullum
1009 2844 1077 2906 tam

26 2913 345 3031 immansuetum
371 2919 494 2994 animal
526 2938 588 3008 est,
605 2923 700 3019 quod
718 2944 812 2993 non
818 2921 903 2996 curi
930 2924 1078 3042 mitiges,

76 3014 161 3088 etin
180 3037 335 3088 amorem
353 3014 404 3089 tui
420 3035 541 3093 vertas.
593 3022 754 3092 Leonum
770 3045 833 3092 ora
861 3045 883 3097 a
899 3024 1075 3141 magistris

31 3123 38 3166 ·ῑ
76 3133 231 3283 m
260 3127 473 3190 tmetmtnr.
524 3103 788 3214 elephantorum
843 3117 958 3196 feritas
1000 3122 1073 3198 cibo
