2292 3725
11 458 168 533 ¹Divitias
184 461 269 532 alius
286 456 462 533 fulvosibi
480 481 647 558 congerat
663 476 763 552 auro,

41 614 47 620 -
69 562 119 631 Et
136 578 249 631 teneat
265 560 348 631 culti
363 562 485 656 jugera
502 563 612 633 multa
629 562 706 633 soli.

16 660 86 729 ‘Me
105 683 182 729 mea
200 675 381 753 paupertas
396 660 475 733 vitae
497 660 653 731 traducat
669 660 783 748 inerti,

69 760 176 829 Dum
192 782 290 830 meus
301 758 438 829 assiduo
454 758 566 831 luceat
582 758 663 856 igne
679 757 790 835 focus.
1111 795 1120 891 l

70 929 204 1003 Darius
232 931 400 1003 adversits
429 930 716 1003 Alexandrum
706 956 741 1002 ιιι
770 930 889 1004 Ciliciis
903 956 1058 1031 pugna·¹
1118 894 1122 1005 l

20 1048 140 1116 turus,
167 1047 325 1127 coegerat
343 1029 497 1127 undique
513 1054 603 1126 pene
629 1029 919 1155 innumerabilem
948 1034 1034 1105 mili·
1121 1010 1124 1091 l

20 1148 103 1201 tum
122 1130 389 1201 multitudinem.
443 1131 555 1227 Cujus
570 1149 712 1225 aspectu
738 1125 824 1203 edm
840 1130 1035 1203 admoditm
1124 1126 1126 1189 ἵ

26 1230 132 1300 laetus
148 1246 246 1313 esset,
264 1252 363 1324 spem
390 1252 531 1325 quoque
548 1231 622 1326 ejus
648 1228 786 1301 inflabat
815 1225 1035 1303 adulatorum

24 1330 144 1415 turba,
177 1347 307 1399 certam
341 1328 386 1399 de
419 1328 624 1402 Alexandro
648 1327 824 1401 victoriam
849 1325 1037 1424 pollicitan-

27 1428 129 1499 tium.
182 1428 381 1499 Conversus
413 1444 491 1499 tum
529 1428 573 1498 ad
607 1427 858 1499 Charidemum
891 1426 1037 1499 Athoni-

28 1550 163 1611 ensem,
197 1504 318 1597 virum
343 1527 424 1599 belli
457 1525 644 1621 peritum,
655 1526 848 1621 percontari
899 1524 1034 1621 coepit:

28 1622 165 1698 Satisne
197 1623 229 1695 ei
262 1619 437 1697 videretur
485 1624 670 1698 instructus
719 1626 763 1697 ad
809 1625 1039 1697 obterendum

30 1721 195 1798 hostem?
220 1726 270 1795 At
285 1721 343 1795 ille
360 1722 467 1797 libere
496 1724 700 1798 admonuit:
726 1723 825 1795 lllam
853 1750 900 1804 ex
928 1723 1040 1794 omni

31 1825 99 1902 bus
125 1810 290 1895 Orientis
320 1824 518 1921 partibus
506 1824 655 1896 excitam
679 1822 862 1895 hominum
887 1822 1040 1894 multitu·
1112 1811 1117 1831 ¹

34 1923 152 2016 dinem
152 1919 350 2036 purpuria,
374 1940 529 2020 argento,
556 1947 710 2018 auroque
726 1918 930 2020 fulgentem,
948 1916 1041 1997 futu·

36 2045 112 2092 ram
138 2045 212 2093 esse
236 2020 405 2134 imparem
441 2023 704 2107 Macedonibus,
744 2021 817 2116 qui,
842 2036 1041 2122 paupertate

36 2117 203 2218 magistra
227 2119 291 2204 usi,
318 2121 500 2203 militarem
524 2120 738 2216 disciplinam
771 2119 978 2206 didicissent,
1007 2136 1042 2192 et

36 2241 108 2289 non
121 2219 262 2290 decora
276 2240 387 2310 arma,
409 2220 470 2292 sed
498 2217 738 2292 fortitudinem
753 2217 867 2304 antimi,
894 2217 938 2289 ad
955 2229 1043 2313 pra'e-

36 2317 131 2438 lium
145 2312 320 2398 affluent.

43 2489 77 2562 Si
93 2483 247 2576 memini,
265 2486 402 2564 fuerant
420 2489 480 2564 tibi
496 2506 658 2605 quatuor,
677 2489 782 2575 AElia,
799 2438 995 2564 dentes·
1023 2499 1028 2506 '

91 2589 243 2684 Exspuit
260 2613 331 2662 una
346 2591 436 2662 duos
451 2591 562 2674 tussis,
581 2609 616 2664 et
633 2613 702 2662 una
719 2590 820 2662 duos.

43 2688 119 2761 lam
136 2712 258 2766 secura
273 2691 370 2784 potes
387 2688 466 2762 totis
477 2689 598 2762 tussire
613 2688 760 2778 diebus;

92 2785 156 2860 Nil
172 2785 284 2892 isthic,
309 2788 403 2884 quod
421 2806 514 2886 agat,
529 2787 628 2861 tertia
644 2787 743 2862 tussis
760 2782 876 2863 habet.

69 2957 214 3073 Scipio
236 2959 364 3031 Nasica
387 2959 533 3033 eumad
551 2976 689 3054 poetam
713 2957 866 3032 Ennium
888 2958 1050 3048 venisset,

68 3056 149 3173 ique
172 3059 218 3132 ab
242 3057 330 3130 ostio
346 3059 514 3157 quaerenti
538 3057 703 3142 Ennium,
742 3057 864 3130 ancilla
897 3057 1049 3148 dixisset,

74 3155 144 3229 omi
177 3177 250 3228 non
274 3181 372 3247 esse,
398 3158 524 3243 Nasica
547 3156 651 3228 sensit
675 3156 768 3228 illam
801 3156 966 3228 domini
953 3181 1053 3256 jussu

77 3256 188 3340 inisse,
207 3272 241 3327 et
256 3255 381 3327 illum
372 3273 463 3328 mtus
472 3271 556 3328 esse
583 3255 706 3328 Paucis
722 3256 802 3350 post
819 3249 939 3326 diebus
966 3257 1053 3326 cum

52 3357 95 3424 ud
115 3346 280 3430 Nasicam
301 3355 448 3446 venisset
471 3351 615 3439 Ennius,
641 3373 676 3426 et
699 3377 780 3426 eum
796 3349 935 3450 ajanua
958 3376 1053 3446 quae·

54 3471 154 3544 teret,
178 3441 349 3528 exclamat
379 3452 514 3539 Nasica,
559 3475 606 3527 se
631 3449 725 3524 domi
749 3469 821 3523 non
845 3472 941 3520 esse:
977 3467 1053 3522 tum

930 3625 1031 3671 “du-¹
