2292 3725
570 152 599 239 9

78 350 232 427 Rediens
246 350 345 453 fugat
360 370 449 427 astra
469 355 640 431 Phoebus
692 409 695 413 -

77 454 138 525 801
155 471 346 527 crescentes
357 454 526 527 decedens
543 454 692 551 duplicat
710 454 861 527 umbras.

75 552 179 623 Mors
190 567 224 623 et
236 550 397 647 fugacem
414 552 631 649 persequitur
642 550 767 624 virum.

73 650 229 720 Teneras'
240 648 411 721 *defendo
428 676 449 722 a
464 648 595 746 frigore
611 668 753 747 myrtos.

73 746 216 819 Scandit
231 766 351 821 aeratas
366 747 485 829 uitiosa
500 772 604 821 naves
620 759 720 820 cura-4·

71 846 163 917 Tres
176 846 311 917 Horatii
322 845 477 921 vicerunt
492 863 561 917 tres
578 845 761 919 Curiatios.
830 880 833 889 ·
996 931 1000 939 Ι

68 942 148 1017 En!
177 942 250 1039 qud
267 940 435 1016 discordia
449 943 539 1017 cives
555 944 719 1041 perduxit
735 942 886 1015 miseros.

69 1040 215 1113 Fretum
232 1040 351 1137 recipit
365 1042 410 1115 de
423 1040 496 1115 toti
512 1038 654 1115 flumina
670 1040 774 1114 terri.
886 1066 889 1070 ’

68 1138 177 1211 Mora
192 1141 251 1211 dat
266 1139 381 1230 vires3
408 1156 542 1213 teneras
553 1162 656 1211 ‘mora
672 1137 852 1235 percoquit
868 1160 965 1211 uvas.

68 1235 231 1309 Flumina
253 1260 363 1334 pauca
380 1236 495 1311 *rides
511 1236 555 1309 de
573 1236 706 1333 magnis
721 1234 875 1309 fontibus
885 1253 971 1307 orta.
1029 1246 1075 1305 ιο

48 1332 172 1411 ‘Pueri
187 1335 277 1409 inter
292 1360 330 1409 se
345 1345 411 1432 pro
429 1334 562 1408 levibus
577 1333 689 1419 noxiis
704 1333 770 1407 iras
785 1348 922 1431 gerunt.
976 1397 978 1401 Α

420 1529 498 1603 Tne
519 1529 613 1605 Veri>
626 1529 725 1603 Sum.

64 1728 121 1799 Ira
133 1723 232 1799 furor
248 1725 361 1803 brevis
374 1742 437 1801 est.
519 1750 524 1763 ·

64 1822 187 1898 Virtus
202 1840 254 1898 est
269 1824 400 1922 optima
414 1820 583 1898 nobilitas.

63 1923 193 2010 Formo
209 1925 342 1994 bonum
358 1919 480 2020 fragile
496 1927 558 1994 est.

62 2019 154 2092 Dux
171 2045 240 2118 ego
255 2038 367 2093 vester
388 2043 543 2102 eramr.
661 2047 665 2056 ’

59 2118 188 2190 Inertia
205 2137 256 2192 est
272 2118 404 2206 vitiutn.
468 2143 472 2150 ·

59 2217 199 2288 Natura
214 2234 265 2290 est
280 2217 354 2290 dux
378 2215 517 2313 optima.

59 2313 182 2400 Homo
198 2317 310 2386 *suun
464 2319 511 2384 “,

58 2409 181 2484 Virtus
197 2429 249 2485 est
264 2437 327 2486 sua
350 2437 494 2487 merces.
577 2436 590 2448 ‘'

57 2507 146 2580 Non
162 2534 230 2608 ego
245 2535 323 2584 sunt
339 2529 465 2607 pastor.

57 2606 217 2680 Ebrietas
233 2625 284 2681 est
299 2609 438 2682 insania.
553 2637 557 2644 ·

57 2702 223 2801 Sapiens*
239 2723 289 2778 est
307 2708 399 2780 Rex.
465 2733 469 2741 ·

57 2803 161 2874 Tuus
178 2803 306 2876 amicus
323 2823 357 2877 et
380 2803 452 2880 *fui
468 2824 503 2882 et
520 2813 613 2882 *ero

56 2902 181 2996 Arbor
194 2901 380 3000 virgnfuit.

57 2998 435 3100 Exercitatio-optimus
451 3004 691 3105 estmagister.

57 3097 182 3168 Fames
197 3114 249 3170 est
265 3099 415 3194 optimus
426 3126 570 3199 coquus.
699 3149 706 3160 ·

59 3195 236 3292 Magnum
244 3197 388 3297 vectigal
405 3217 455 3274 est
471 3201 686 3299 parsimonie
