2292 3725
63 434 208 533 Servus,
237 459 342 532 quern
370 418 433 506 sibi
462 421 604 504 unicum
635 410 838 516 servaverat,
867 427 953 501 eum
981 424 1066 499 effu·

66 519 182 627 gisset,
214 556 296 605 eum
321 534 488 604 reducere
518 530 651 602 noluit.
695 528 816 623 Turpe
850 544 913 611 est,
943 522 1064 621 inquit,

67 634 214 701 Manem
245 632 318 703 sine
362 633 522 732 Diogene
559 652 660 722 posse
700 626 826 712 vivere,
869 626 1066 741 Diogenem

67 728 142 799 sine
158 733 264 799 Mane
281 753 352 799 non
377 754 488 823 posse
540 729 638 801 Ctim
656 722 791 799 vidisset
811 736 965 839 puerum
983 744 1067 791 cava

68 850 175 897 manu
206 827 379 898 bibentem
414 851 574 921 aquam,
586 824 690 923 fregit
731 824 886 918 protinus
927 819 1069 890 calicem

68 950 152 995 cum
171 925 236 1029 hac
253 927 491 1021 objurgatione
507 926 583 995 sui.
612 924 789 1017 Quamdiu
812 922 920 993 homo
945 916 1070 989 stultus

69 1018 297 1117 supervacuas
314 1024 497 1144 sarcinulas
514 1022 641 1094 habui!

71 1194 163 1289 Quis
180 1151 258 1279 fuit,
272 1178 465 1266 horrendos
480 1192 612 1289 primus
629 1218 688 1291 qut
679 1170 847 1289 protulit
864 1188 984 1263 enses?

15 1348 20 1359 .
124 1290 244 1386 Quim
260 1290 367 1380 ferus,
384 1311 418 1363 et
433 1288 514 1363 vere
531 1290 675 1409 ferreps,
693 1293 752 1364 ille
768 1290 852 1364 fuit!

70 1392 180 1465 Tune
191 1392 304 1465 caedes
320 1389 503 1461 hominum
518 1390 650 1486 generi,
663 1406 739 1463 tum
751 1389 868 1487 praelia
883 1400 1016 1479 nata3'

118 1490 219 1562 Tum
234 1487 374 1561 breuior
388 1487 478 1561 dirae
489 1488 609 1566 mortis
626 1504 742 1585 aperta
757 1488 821 1563 via
829 1508 892 1563 est.

123 1660 223 1737 Cum
250 1660 449 1735 adolescens
484 1660 641 1759 fragrans
670 1682 849 1761 unguento
883 1664 1076 1739 accessisset

21 1762 27 1768 ’
72 1760 194 1835 adv
185 1760 418 1857 espasianum,
465 1776 503 1833 ut
545 1786 611 1857 pro
652 1763 832 1857 impetrato
875 1764 1074 1862 magistram

38 1892 49 1910 ι
71 1858 200 1956 gratias
214 1880 340 1958 ageret,
359 1859 428 1948 hic,
447 1885 614 1956 nequam
644 1863 858 1934 occasionem
881 1863 1076 1958 corrigendi

72 1958 286 2053 disciplinam
341 1959 625 2058 praetermitteret,
681 1961 932 2079 adolescentem
974 1960 1074 2032 ιιιῙιιι

71 2076 229 2154 aspernor
233 2081 284 2143 ns,
302 2083 387 2129 voce
403 2059 502 2129 etiam
529 2043 728 2155 gravissima
744 2059 933 2154 increpuit.
960 2059 1076 2130 Malu-

71 2155 176 2243 issem
207 2155 325 2242 allium
368 2157 610 2254 oboluisses3
636 2181 831 2256 munusque
873 2181 1077 2230 concessum

73 2254 257 2333 revocarit

73 2429 136 2501 Ad
152 2451 290 2502 coenam
306 2453 418 2526 nuper
434 2432 547 2500 Varus
563 2453 620 2500 me
636 2428 726 2502 forte
739 2430 912 2526 vocavit,

114 2529 281 2628 anatus
298 2529 403 2612 dives,
423 2529 564 2625 parvula
582 2553 695 2615 coena,
709 2527 784 2601 fuit

16 2620 20 2633 ⁸
75 2592 190 2710 Aur‘0,
210 2649 281 2696 non
295 2627 450 2722 dapibus,
464 2647 625 2699 oneratur
643 2651 781 2700 mensa:
810 2627 997 2701 ministri

126 2729 322 2820 Apponunt
338 2726 447 2797 oculis
463 2727 621 2820 plurima,
642 2748 751 2824 pauca
766 2729 871 2825 gulae'.
972 2801 975 2808 ,

75 2825 180 2896 Tune
198 2839 289 2920 ego:
316 2825 401 2896 Non
418 2825 548 2909 oculos,
568 2829 629 2898 sed
647 2845 801 2898 ventrem
819 2818 957 2922 pascere
975 2828 1077 2922 veni3

127 2926 202 2995 Aut
220 2946 354 3018 appone
371 2926 485 3019 dapes,
506 2927 607 3010 Vare,
627 2926 681 2996 vel
700 2921 797 2997 aufer
813 2951 906 3022 opes.

130 3109 295 3203 Quotidie
312 3111 354 3181 ad
384 3112 550 3182 rationem
581 3113 792 3186 reddendam
822 3115 997 3188 vocandus
1030 3131 1081 3188 est

79 3208 224 3280 asinius.
291 3208 448 3282 Faciebat
477 3207 546 3283 hoc'
576 3214 726 3300 Sextius,
756 3231 804 3285 ιιι.
842 3229 1081 3286 consummato

81 3305 148 3395 die,
164 3308 251 3379 cirin
276 3332 315 3381 se
343 3307 387 3380 ad
413 3303 620 3381 ndcturnam
647 3310 796 3408 quietem
822 3307 1081 3406 recepissetssin·
