<?xml version="1.0" encoding="UTF-8"?>
<!DOCTYPE html PUBLIC "-//W3C//DTD XHTML 1.0 Transitional//EN"
    "http://www.w3.org/TR/xhtml1/DTD/xhtml1-transitional.dtd">
<html xmlns="http://www.w3.org/1999/xhtml" xml:lang="en" lang="en">
 <head>
  <title>
</title>
<meta http-equiv="Content-Type" content="text/html;charset=utf-8" />
  <meta name='ocr-system' content='tesseract 3.04.00' />
  <meta name='ocr-capabilities' content='ocr_page ocr_carea ocr_par ocr_line ocrx_word'/>
</head>
<body>
  <div class='ocr_page' id='page_1' title='image "./delectussentent04valpgoog_0120.png"; bbox 0 0 2292 3725; ppageno 0'>
   <div class='ocr_carea' id='block_1_1' title="bbox 84 156 1130 678">
    <p class='ocr_par' dir='ltr' id='par_1_1' title="bbox 84 156 1130 678">
     <span class='ocr_line' id='line_1_1' title="bbox 544 156 627 264; baseline 0.048 -4"><span class='ocrx_word' id='word_1_1' title='bbox 544 156 627 264; x_wconf 74' lang='lat' dir='ltr'>iod</span> 
     </span>
     <span class='ocr_line' id='line_1_2' title="bbox 84 360 1092 482; baseline 0 -27"><span class='ocrx_word' id='word_1_2' title='bbox 84 369 221 471; x_wconf 81' lang='lat' dir='ltr'>Verbis,</span> <span class='ocrx_word' id='word_1_3' title='bbox 235 397 315 482; x_wconf 74' lang='lat' dir='ltr'>quae</span> <span class='ocrx_word' id='word_1_4' title='bbox 333 384 452 463; x_wconf 84' lang='lat' dir='ltr'>timido</span> <span class='ocrx_word' id='word_1_5' title='bbox 462 360 758 481; x_wconf 49' lang='lat' dir='ltr'>quoqoe‘possent</span> <span class='ocrx_word' id='word_1_6' title='bbox 769 369 898 460; x_wconf 81' lang='lat' dir='ltr'>addere</span> <span class='ocrx_word' id='word_1_7' title='bbox 913 388 1092 460; x_wconf 66' lang='lat' dir='ltr'>mentem</span> 
     </span>
     <span class='ocr_line' id='line_1_3' title="bbox 85 478 988 581; baseline 0 -26"><span class='ocrx_word' id='word_1_8' title='bbox 85 486 113 569; x_wconf 91' lang='lat'>1,</span> <span class='ocrx_word' id='word_1_9' title='bbox 127 480 231 572; x_wconf 88' lang='lat' dir='ltr'>bone,</span> <span class='ocrx_word' id='word_1_10' title='bbox 250 485 444 581; x_wconf 18' lang='lat' dir='ltr'>qud-virtus</span> <span class='ocrx_word' id='word_1_11' title='bbox 457 499 516 555; x_wconf 86' lang='lat' dir='ltr'>tua</span> <span class='ocrx_word' id='word_1_12' title='bbox 528 500 567 556; x_wconf 89' lang='lat' dir='ltr'>te</span> <span class='ocrx_word' id='word_1_13' title='bbox 574 500 698 557; x_wconf 82' lang='lat' dir='ltr'>vocat:</span> <span class='ocrx_word' id='word_1_14' title='bbox 724 482 736 554; x_wconf 92' lang='lat' dir='ltr'>i</span> <span class='ocrx_word' id='word_1_15' title='bbox 752 482 842 579; x_wconf 89' lang='lat' dir='ltr'>pede</span> <span class='ocrx_word' id='word_1_16' title='bbox 858 478 988 570; x_wconf 87' lang='lat' dir='ltr'>fausto,</span> 
     </span>
     <span class='ocr_line' id='line_1_4' title="bbox 86 577 1130 678; baseline -0.001 -24"><span class='ocrx_word' id='word_1_17' title='bbox 86 583 245 673; x_wconf 82' lang='lat' dir='ltr'>Grandia</span> <span class='ocrx_word' id='word_1_18' title='bbox 261 584 393 665; x_wconf 80' lang='lat' dir='ltr'>taturus</span> <span class='ocrx_word' id='word_1_19' title='bbox 405 583 610 669; x_wconf 84' lang='lat' dir='ltr'>meritorum</span> <span class='ocrx_word' id='word_1_20' title='bbox 628 580 780 678; x_wconf 73' lang='lat' dir='ltr'>praemia.</span> <span class='ocrx_word' id='word_1_21' title='bbox 835 579 935 675; x_wconf 80' lang='lat' dir='ltr'>Quid</span> <span class='ocrx_word' id='word_1_22' title='bbox 953 577 1056 653; x_wconf 85' lang='lat' dir='ltr'>stas?</span> <span class='ocrx_word' id='word_1_23' title='bbox 1129 616 1130 669; x_wconf 59' lang='lat' dir='ltr'>t</span> 
     </span>
    </p>
   </div>
   <div class='ocr_carea' id='block_1_2' title="bbox 86 676 1130 887">
    <p class='ocr_par' dir='ltr' id='par_1_2' title="bbox 86 676 1130 887">
     <span class='ocr_line' id='line_1_5' title="bbox 86 676 1130 779; baseline -0.001 -26"><span class='ocrx_word' id='word_1_24' title='bbox 86 678 170 772; x_wconf 84' lang='lat' dir='ltr'>Post</span> <span class='ocrx_word' id='word_1_25' title='bbox 187 682 263 765; x_wconf 78' lang='lat' dir='ltr'>ltaec</span> <span class='ocrx_word' id='word_1_26' title='bbox 280 682 338 755; x_wconf 88' lang='lat' dir='ltr'>ille</span> <span class='ocrx_word' id='word_1_27' title='bbox 351 697 459 767; x_wconf 86' lang='lat' dir='ltr'>catus,</span> <span class='ocrx_word' id='word_1_28' title='bbox 478 680 702 779; x_wconf 84' lang='lat' dir='ltr'>quantumvis</span> <span class='ocrx_word' id='word_1_29' title='bbox 717 676 865 764; x_wconf 80' lang='lat' dir='ltr'>rusticus</span> <span class='ocrx_word' id='word_1_30' title='bbox 882 704 892 751; x_wconf 73' lang='grc' dir='ltr'><strong>ι</strong></span> <span class='ocrx_word' id='word_1_31' title='bbox 919 678 1005 769; x_wconf 81' lang='lat' dir='ltr'>Ibit,</span> <span class='ocrx_word' id='word_1_32' title='bbox 1129 690 1130 707; x_wconf 65' lang='lat'>¹</span> 
     </span>
     <span class='ocr_line' id='line_1_6' title="bbox 86 776 972 887; baseline -0.003 -35"><span class='ocrx_word' id='word_1_33' title='bbox 86 776 158 852; x_wconf 85' lang='lat' dir='ltr'>Ibit</span> <span class='ocrx_word' id='word_1_34' title='bbox 169 779 315 877; x_wconf 75' lang='lat' dir='ltr'>eo,-qub</span> <span class='ocrx_word' id='word_1_35' title='bbox 331 778 395 866; x_wconf 87' lang='lat' dir='ltr'>vis,</span> <span class='ocrx_word' id='word_1_36' title='bbox 414 778 475 878; x_wconf 92' lang='lat' dir='ltr'>qui</span> <span class='ocrx_word' id='word_1_37' title='bbox 492 803 619 853; x_wconf 85' lang='lat' dir='ltr'>zonam</span> <span class='ocrx_word' id='word_1_38' title='bbox 636 778 794 877; x_wconf 85' lang='lat' dir='ltr'><strong>perdidit,</strong></span> <span class='ocrx_word' id='word_1_39' title='bbox 809 777 936 887; x_wconf 87' lang='lat' dir='ltr'>inquit.</span> <span class='ocrx_word' id='word_1_40' title='bbox 961 871 972 885; x_wconf 53' lang='lat'>,.</span> 
     </span>
    </p>
   </div>
   <div class='ocr_carea' id='block_1_3' title="bbox 86 946 1095 1631">
    <p class='ocr_par' dir='ltr' id='par_1_3' title="bbox 86 946 1095 1631">
     <span class='ocr_line' id='line_1_7' title="bbox 134 946 1094 1045; baseline 0.004 -22"><span class='ocrx_word' id='word_1_41' title='bbox 134 949 408 1045; x_wconf 83' lang='lat' dir='ltr'>Epaminondas,</span> <span class='ocrx_word' id='word_1_42' title='bbox 437 953 524 1028; x_wconf 72' lang='lat' dir='ltr'>etim</span> <span class='ocrx_word' id='word_1_43' title='bbox 549 950 836 1029; x_wconf 85' lang='lat' dir='ltr'>animadverteret</span> <span class='ocrx_word' id='word_1_44' title='bbox 868 946 1094 1027; x_wconf 81' lang='lat' dir='ltr'>mortiferum</span> 
     </span>
     <span class='ocr_line' id='line_1_8' title="bbox 86 1046 1095 1148; baseline -0.002 -27"><span class='ocrx_word' id='word_1_45' title='bbox 86 1072 124 1121; x_wconf 87' lang='lat' dir='ltr'>se</span> <span class='ocrx_word' id='word_1_46' title='bbox 140 1048 267 1121; x_wconf 87' lang='lat' dir='ltr'>vulnus</span> <span class='ocrx_word' id='word_1_47' title='bbox 284 1052 466 1147; x_wconf 83' lang='lat' dir='ltr'>accepisse,</span> <span class='ocrx_word' id='word_1_48' title='bbox 494 1050 678 1148; x_wconf 88' lang='lat' dir='ltr'>simulque,</span> <span class='ocrx_word' id='word_1_49' title='bbox 708 1052 736 1123; x_wconf 88' lang='lat' dir='ltr'>si</span> <span class='ocrx_word' id='word_1_50' title='bbox 757 1049 901 1137; x_wconf 77' lang='lat' dir='ltr'>ferrum,</span> <span class='ocrx_word' id='word_1_51' title='bbox 932 1050 1035 1147; x_wconf 90' lang='lat' dir='ltr'>quod</span> <span class='ocrx_word' id='word_1_52' title='bbox 1059 1046 1095 1119; x_wconf 92' lang='lat' dir='ltr'>in</span> 
     </span>
     <span class='ocr_line' id='line_1_9' title="bbox 86 1146 1094 1243; baseline 0.002 -24"><span class='ocrx_word' id='word_1_53' title='bbox 86 1166 234 1243; x_wconf 79' lang='lat' dir='ltr'>corpore</span> <span class='ocrx_word' id='word_1_54' title='bbox 277 1169 495 1236; x_wconf 85' lang='lat' dir='ltr'>remanserat,</span> <span class='ocrx_word' id='word_1_55' title='bbox 537 1150 754 1239; x_wconf 81' lang='lat' dir='ltr'>extraxisset,</span> <span class='ocrx_word' id='word_1_56' title='bbox 797 1150 947 1223; x_wconf 84' lang='lat' dir='ltr'>animam</span> <span class='ocrx_word' id='word_1_57' title='bbox 978 1146 1094 1221; x_wconf 86' lang='lat' dir='ltr'>statim</span> 
     </span>
     <span class='ocr_line' id='line_1_10' title="bbox 87 1247 1093 1351; baseline 0 -33"><span class='ocrx_word' id='word_1_58' title='bbox 87 1248 320 1338; x_wconf 82' lang='lat' dir='ltr'>emissurum3</span> <span class='ocrx_word' id='word_1_59' title='bbox 341 1274 458 1351; x_wconf 46' lang='lat' dir='ltr'>*usque</span> <span class='ocrx_word' id='word_1_60' title='bbox 472 1248 518 1323; x_wconf 78' lang='lat' dir='ltr'>eb</span> <span class='ocrx_word' id='word_1_61' title='bbox 535 1249 685 1340; x_wconf 84' lang='lat' dir='ltr'>retinuit,</span> <span class='ocrx_word' id='word_1_62' title='bbox 711 1251 827 1345; x_wconf 90' lang='lat' dir='ltr'>quoad</span> <span class='ocrx_word' id='word_1_63' title='bbox 851 1247 1093 1321; x_wconf 78' lang='lat' dir='ltr'>renunciatum</span> 
     </span>
     <span class='ocr_line' id='line_1_11' title="bbox 87 1345 1092 1444; baseline 0.001 -27"><span class='ocrx_word' id='word_1_64' title='bbox 87 1363 150 1431; x_wconf 84' lang='lat' dir='ltr'>est,</span> <span class='ocrx_word' id='word_1_65' title='bbox 181 1345 301 1419; x_wconf 88' lang='lat' dir='ltr'>vicisse</span> <span class='ocrx_word' id='word_1_66' title='bbox 329 1349 507 1426; x_wconf 70' lang='lat' dir='ltr'>Boeotios:</span> <span class='ocrx_word' id='word_1_67' title='bbox 544 1347 581 1419; x_wconf 89' lang='lat' dir='ltr'>id</span> <span class='ocrx_word' id='word_1_68' title='bbox 607 1362 791 1444; x_wconf 75' lang='lat' dir='ltr'>postquam</span> <span class='ocrx_word' id='word_1_69' title='bbox 807 1346 962 1423; x_wconf 77' lang='lat' dir='ltr'>audivitr</span> <span class='ocrx_word' id='word_1_70' title='bbox 991 1345 1092 1432; x_wconf 83' lang='lat' dir='ltr'>Satis,</span> 
     </span>
     <span class='ocr_line' id='line_1_12' title="bbox 87 1442 1092 1544; baseline 0.001 -29"><span class='ocrx_word' id='word_1_71' title='bbox 87 1443 211 1544; x_wconf 89' lang='lat' dir='ltr'>inquit,</span> <span class='ocrx_word' id='word_1_72' title='bbox 241 1446 326 1534; x_wconf 84' lang='lat' dir='ltr'>vixi,</span> <span class='ocrx_word' id='word_1_73' title='bbox 354 1442 513 1519; x_wconf 61' lang='lat' dir='ltr'>invictus·</span> <span class='ocrx_word' id='word_1_74' title='bbox 534 1445 627 1519; x_wconf 89' lang='lat' dir='ltr'>enim</span> <span class='ocrx_word' id='word_1_75' title='bbox 662 1446 804 1520; x_wconf 85' lang='lat' dir='ltr'>morior.</span> <span class='ocrx_word' id='word_1_76' title='bbox 872 1447 970 1539; x_wconf 86' lang='lat' dir='ltr'>Tum</span> <span class='ocrx_word' id='word_1_77' title='bbox 999 1442 1092 1517; x_wconf 80' lang='lat' dir='ltr'>ferro</span> 
     </span>
     <span class='ocr_line' id='line_1_13' title="bbox 88 1542 798 1631; baseline 0.007 -13"><span class='ocrx_word' id='word_1_78' title='bbox 88 1559 256 1631; x_wconf 82' lang='lat' dir='ltr'>extracto,</span> <span class='ocrx_word' id='word_1_79' title='bbox 276 1542 459 1617; x_wconf 83' lang='lat' dir='ltr'>confestim</span> <span class='ocrx_word' id='word_1_80' title='bbox 474 1544 689 1619; x_wconf 83' lang='lat' dir='ltr'>exanimatus</span> <span class='ocrx_word' id='word_1_81' title='bbox 705 1560 766 1618; x_wconf 86' lang='lat' dir='ltr'>ost.</span> <span class='ocrx_word' id='word_1_82' title='bbox 791 1616 798 1623; x_wconf 91' lang='lat'><em>.</em></span> 
     </span>
    </p>
   </div>
   <div class='ocr_carea' id='block_1_4' title="bbox 50 1706 974 1839">
    <p class='ocr_par' dir='ltr' id='par_1_4' title="bbox 50 1706 974 1839">
     <span class='ocr_line' id='line_1_14' title="bbox 50 1706 974 1839; baseline 0.001 -35"><span class='ocrx_word' id='word_1_83' title='bbox 50 1718 57 1733; x_wconf 24' lang='grc' dir='ltr'><strong>Χ</strong></span> <span class='ocrx_word' id='word_1_84' title='bbox 91 1734 148 1804; x_wconf 86' lang='lat' dir='ltr'>Ac</span> <span class='ocrx_word' id='word_1_85' title='bbox 163 1730 281 1818; x_wconf 88' lang='lat' dir='ltr'>veluti,</span> <span class='ocrx_word' id='word_1_86' title='bbox 301 1706 410 1814; x_wconf 82' lang='lat' dir='ltr'>ventis</span> <span class='ocrx_word' id='word_1_87' title='bbox 423 1711 636 1839; x_wconf 57' lang='lat' dir='ltr'>agitantibus</span> <span class='ocrx_word' id='word_1_88' title='bbox 650 1756 805 1831; x_wconf 81' lang='lat' dir='ltr'>aequora,</span> <span class='ocrx_word' id='word_1_89' title='bbox 817 1752 890 1807; x_wconf 87' lang='lat' dir='ltr'>non</span> <span class='ocrx_word' id='word_1_90' title='bbox 906 1724 974 1811; x_wconf 75' lang='lat' dir='ltr'>es‘t&#39;</span> 
     </span>
    </p>
   </div>
   <div class='ocr_carea' id='block_1_5' title="bbox 19 1830 1106 2322">
    <p class='ocr_par' dir='ltr' id='par_1_5' title="bbox 19 1830 1106 2322">
     <span class='ocr_line' id='line_1_15' title="bbox 115 1830 1046 1932; baseline -0.002 -28"><span class='ocrx_word' id='word_1_91' title='bbox 115 1838 120 1841; x_wconf 80' lang='grc'><strong>’</strong></span> <span class='ocrx_word' id='word_1_92' title='bbox 141 1830 301 1928; x_wconf 85' lang='lat' dir='ltr'>AEqualis</span> <span class='ocrx_word' id='word_1_93' title='bbox 316 1832 426 1907; x_wconf 83' lang='lat' dir='ltr'>rabies</span> <span class='ocrx_word' id='word_1_94' title='bbox 439 1833 692 1932; x_wconf 85' lang='lat' dir='ltr'>continuusque</span> <span class='ocrx_word' id='word_1_95' title='bbox 708 1831 820 1906; x_wconf 88' lang='lat' dir='ltr'>furor.</span> <span class='ocrx_word' id='word_1_96' title='bbox 957 1921 959 1928; x_wconf 17' lang='grc' dir='ltr'><strong><em>Α</em></strong></span> <span class='ocrx_word' id='word_1_97' title='bbox 1029 1891 1046 1902; x_wconf 91' lang='grc'>..</span> 
     </span>
     <span class='ocr_line' id='line_1_16' title="bbox 91 1927 1106 2033; baseline 0.004 -32"><span class='ocrx_word' id='word_1_98' title='bbox 91 1927 163 2002; x_wconf 83' lang='lat' dir='ltr'>Sed</span> <span class='ocrx_word' id='word_1_99' title='bbox 176 1931 285 2033; x_wconf 78' lang='lat' dir='ltr'>modb</span> <span class='ocrx_word' id='word_1_100' title='bbox 299 1930 935 2030; x_wconf 65' lang='lat' dir='ltr'>subsidunt„intermissiquesilescunt</span> <span class='ocrx_word' id='word_1_101' title='bbox 947 1957 965 2022; x_wconf 70' lang='grc' dir='ltr'>ς,</span> <span class='ocrx_word' id='word_1_102' title='bbox 1065 1985 1069 1990; x_wconf 94' lang='grc'>-</span> <span class='ocrx_word' id='word_1_103' title='bbox 1104 1973 1106 1980; x_wconf 83' lang='lat'><em>.</em></span> 
     </span>
     <span class='ocr_line' id='line_1_17' title="bbox 143 2027 835 2128; baseline 0.006 -30"><span class='ocrx_word' id='word_1_104' title='bbox 143 2027 294 2126; x_wconf 87' lang='lat' dir='ltr'>Vimque</span> <span class='ocrx_word' id='word_1_105' title='bbox 310 2048 410 2126; x_wconf 86' lang='lat' dir='ltr'>putes</span> <span class='ocrx_word' id='word_1_106' title='bbox 421 2031 499 2103; x_wconf 89' lang='lat' dir='ltr'>illos</span> <span class='ocrx_word' id='word_1_107' title='bbox 511 2031 710 2128; x_wconf 86' lang='lat' dir='ltr'>deposuisse</span> <span class='ocrx_word' id='word_1_108' title='bbox 722 2050 835 2102; x_wconf 75' lang='lat' dir='ltr'>sum.</span> 
     </span>
     <span class='ocr_line' id='line_1_18' title="bbox 19 2123 940 2223; baseline 0.01 -27"><span class='ocrx_word' id='word_1_109' title='bbox 19 2154 20 2159; x_wconf 44' lang='lat'>¹</span> <span class='ocrx_word' id='word_1_110' title='bbox 90 2123 151 2201; x_wconf 78' lang='lat' dir='ltr'>‚Sic</span> <span class='ocrx_word' id='word_1_111' title='bbox 168 2127 255 2198; x_wconf 89' lang='lat' dir='ltr'>solet</span> <span class='ocrx_word' id='word_1_112' title='bbox 270 2127 446 2200; x_wconf 87' lang='lat' dir='ltr'>interdum</span> <span class='ocrx_word' id='word_1_113' title='bbox 461 2129 537 2201; x_wconf 88' lang='lat' dir='ltr'>fieri</span> <span class='ocrx_word' id='word_1_114' title='bbox 553 2128 719 2223; x_wconf 88' lang='lat' dir='ltr'>placabile</span> <span class='ocrx_word' id='word_1_115' title='bbox 734 2149 866 2204; x_wconf 84' lang='lat' dir='ltr'>numen</span> <span class='ocrx_word' id='word_1_116' title='bbox 878 2153 892 2219; x_wconf 77' lang='lat'>3</span> <span class='ocrx_word' id='word_1_117' title='bbox 932 2161 940 2174; x_wconf 70' lang='lat'><strong><em>⁴</em></strong></span> 
     </span>
     <span class='ocr_line' id='line_1_19' title="bbox 144 2225 933 2322; baseline 0.004 -24"><span class='ocrx_word' id='word_1_118' title='bbox 144 2225 251 2298; x_wconf 89' lang='lat' dir='ltr'>Nube</span> <span class='ocrx_word' id='word_1_119' title='bbox 267 2226 355 2299; x_wconf 92' lang='lat' dir='ltr'>solet</span> <span class='ocrx_word' id='word_1_120' title='bbox 370 2225 471 2322; x_wconf 69' lang='lat' dir='ltr'>pulsi</span> <span class='ocrx_word' id='word_1_121' title='bbox 488 2226 656 2321; x_wconf 76' lang='lat' dir='ltr'>cattdidue</span> <span class='ocrx_word' id='word_1_122' title='bbox 671 2226 721 2298; x_wconf 92' lang='lat' dir='ltr'>ire</span> <span class='ocrx_word' id='word_1_123' title='bbox 737 2225 824 2300; x_wconf 57' lang='lat' dir='ltr'>diest</span> <span class='ocrx_word' id='word_1_124' title='bbox 861 2227 873 2311; x_wconf 68' lang='lat' dir='ltr'>J</span> <span class='ocrx_word' id='word_1_125' title='bbox 929 2264 933 2268; x_wconf 87' lang='lat'>·</span> 
     </span>
    </p>
   </div>
   <div class='ocr_carea' id='block_1_6' title="bbox 279 2369 942 2523">
    <p class='ocr_par' dir='ltr' id='par_1_6' title="bbox 279 2369 942 2523">
     <span class='ocr_line' id='line_1_20' title="bbox 279 2369 942 2523; baseline -0.002 -23"><span class='ocrx_word' id='word_1_126' title='bbox 279 2423 326 2523; x_wconf 76' lang='lat' dir='ltr'>C.</span> <span class='ocrx_word' id='word_1_127' title='bbox 344 2369 486 2523; x_wconf 76' lang='lat' dir='ltr'>Plinius</span> <span class='ocrx_word' id='word_1_128' title='bbox 503 2423 666 2520; x_wconf 60' lang='lat' dir='ltr'>arpano</span> <span class='ocrx_word' id='word_1_129' title='bbox 681 2371 779 2519; x_wconf 65' lang='lat' dir='ltr'>lmp-</span> <span class='ocrx_word' id='word_1_130' title='bbox 798 2419 901 2510; x_wconf 66' lang='grc' dir='ltr'>Μ).</span> <span class='ocrx_word' id='word_1_131' title='bbox 938 2429 942 2432; x_wconf 81' lang='grc'><strong>’</strong></span> 
     </span>
    </p>
   </div>
   <div class='ocr_carea' id='block_1_7' title="bbox 96 2567 1094 3358">
    <p class='ocr_par' dir='ltr' id='par_1_7' title="bbox 96 2567 1094 3358">
     <span class='ocr_line' id='line_1_21' title="bbox 146 2567 1087 2675; baseline -0.005 -27"><span class='ocrx_word' id='word_1_132' title='bbox 146 2572 188 2648; x_wconf 82' lang='lat' dir='ltr'>ln</span> <span class='ocrx_word' id='word_1_133' title='bbox 216 2567 267 2659; x_wconf 87' lang='lat' dir='ltr'>iis,</span> <span class='ocrx_word' id='word_1_134' title='bbox 297 2573 358 2668; x_wconf 82' lang='lat' dir='ltr'>qui</span> <span class='ocrx_word' id='word_1_135' title='bbox 388 2574 433 2645; x_wconf 84' lang='lat' dir='ltr'>ad</span> <span class='ocrx_word' id='word_1_136' title='bbox 466 2598 523 2645; x_wconf 90' lang='lat' dir='ltr'>me</span> <span class='ocrx_word' id='word_1_137' title='bbox 556 2583 722 2675; x_wconf 84' lang='lat' dir='ltr'>tanquam</span> <span class='ocrx_word' id='word_1_138' title='bbox 752 2567 950 2658; x_wconf 78' lang='lat' dir='ltr'>Christiani</span> <span class='ocrx_word' id='word_1_139' title='bbox 967 2567 1087 2643; x_wconf 83' lang='lat' dir='ltr'>defere-</span> 
     </span>
     <span class='ocr_line' id='line_1_22' title="bbox 96 2668 1086 2767; baseline -0.002 -25"><span class='ocrx_word' id='word_1_140' title='bbox 96 2671 233 2756; x_wconf 86' lang='lat' dir='ltr'>bantur,</span> <span class='ocrx_word' id='word_1_141' title='bbox 264 2672 357 2742; x_wconf 81' lang='lat' dir='ltr'>hone</span> <span class='ocrx_word' id='word_1_142' title='bbox 387 2697 465 2744; x_wconf 91' lang='lat' dir='ltr'>sum</span> <span class='ocrx_word' id='word_1_143' title='bbox 495 2688 633 2746; x_wconf 85' lang='lat' dir='ltr'>secutus</span> <span class='ocrx_word' id='word_1_144' title='bbox 662 2669 819 2747; x_wconf 81' lang='lat' dir='ltr'>modum·</span> <span class='ocrx_word' id='word_1_145' title='bbox 886 2668 1086 2767; x_wconf 79' lang='lat' dir='ltr'>Interrogavi</span> 
     </span>
     <span class='ocr_line' id='line_1_23' title="bbox 97 2766 1085 2863; baseline 0.001 -26"><span class='ocrx_word' id='word_1_146' title='bbox 97 2767 202 2863; x_wconf 83' lang='lat' dir='ltr'>ipsos,</span> <span class='ocrx_word' id='word_1_147' title='bbox 230 2793 275 2841; x_wconf 88' lang='lat' dir='ltr'>au</span> <span class='ocrx_word' id='word_1_148' title='bbox 301 2784 413 2840; x_wconf 86' lang='lat' dir='ltr'>essent</span> <span class='ocrx_word' id='word_1_149' title='bbox 436 2768 645 2844; x_wconf 89' lang='lat' dir='ltr'>Christiani:</span> <span class='ocrx_word' id='word_1_150' title='bbox 684 2769 888 2841; x_wconf 86' lang='lat' dir='ltr'>confitentes</span> <span class='ocrx_word' id='word_1_151' title='bbox 904 2766 1027 2840; x_wconf 89' lang='lat' dir='ltr'>iterum</span> <span class='ocrx_word' id='word_1_152' title='bbox 1053 2791 1085 2838; x_wconf 91' lang='lat' dir='ltr'>ac</span> 
     </span>
     <span class='ocr_line' id='line_1_24' title="bbox 97 2865 1085 2966; baseline -0.001 -29"><span class='ocrx_word' id='word_1_153' title='bbox 97 2865 200 2939; x_wconf 86' lang='lat' dir='ltr'>tertib</span> <span class='ocrx_word' id='word_1_154' title='bbox 229 2866 449 2964; x_wconf 79' lang='lat' dir='ltr'>interrogavi,</span> <span class='ocrx_word' id='word_1_155' title='bbox 481 2866 688 2966; x_wconf 89' lang='lat' dir='ltr'>supplicium</span> <span class='ocrx_word' id='word_1_156' title='bbox 719 2865 891 2938; x_wconf 87' lang='lat' dir='ltr'>minatus:</span> <span class='ocrx_word' id='word_1_157' title='bbox 923 2876 1085 2962; x_wconf 84' lang='lat' dir='ltr'>&#39;perseve-</span> 
     </span>
     <span class='ocr_line' id='line_1_25' title="bbox 98 2963 1084 3064; baseline 0.004 -30"><span class='ocrx_word' id='word_1_158' title='bbox 98 2980 212 3036; x_wconf 87' lang='lat' dir='ltr'>rantes</span> <span class='ocrx_word' id='word_1_159' title='bbox 241 2966 320 3039; x_wconf 91' lang='lat' dir='ltr'>duci</span> <span class='ocrx_word' id='word_1_160' title='bbox 348 2966 442 3064; x_wconf 85' lang='lat' dir='ltr'>jussi.</span> <span class='ocrx_word' id='word_1_161' title='bbox 492 2971 619 3062; x_wconf 88' lang='lat' dir='ltr'>Neque</span> <span class='ocrx_word' id='word_1_162' title='bbox 636 2965 727 3038; x_wconf 90' lang='lat' dir='ltr'>enim</span> <span class='ocrx_word' id='word_1_163' title='bbox 753 2965 953 3036; x_wconf 88' lang='lat' dir='ltr'>dubitabam</span> <span class='ocrx_word' id='word_1_164' title='bbox 979 2963 1084 3038; x_wconf 81' lang='lat' dir='ltr'>inflex·</span> 
     </span>
     <span class='ocr_line' id='line_1_26' title="bbox 99 3046 1094 3162; baseline 0.001 -30"><span class='ocrx_word' id='word_1_165' title='bbox 99 3046 216 3134; x_wconf 89' lang='lat' dir='ltr'>ibilem</span> <span class='ocrx_word' id='word_1_166' title='bbox 242 3066 505 3139; x_wconf 86' lang='lat' dir='ltr'>obstinationem</span> <span class='ocrx_word' id='word_1_167' title='bbox 533 3067 661 3138; x_wconf 87' lang='lat' dir='ltr'>debere</span> <span class='ocrx_word' id='word_1_168' title='bbox 684 3063 812 3162; x_wconf 87' lang='lat' dir='ltr'>puniri.</span> <span class='ocrx_word' id='word_1_169' title='bbox 865 3063 962 3134; x_wconf 86' lang='lat' dir='ltr'>Deos</span> <span class='ocrx_word' id='word_1_170' title='bbox 985 3060 1094 3160; x_wconf 79' lang='lat' dir='ltr'>appel-¹</span> 
     </span>
     <span class='ocr_line' id='line_1_27' title="bbox 100 3157 1084 3257; baseline 0.008 -31"><span class='ocrx_word' id='word_1_171' title='bbox 100 3157 185 3246; x_wconf 88' lang='lat' dir='ltr'>lare,</span> <span class='ocrx_word' id='word_1_172' title='bbox 221 3178 255 3232; x_wconf 90' lang='lat' dir='ltr'>et</span> <span class='ocrx_word' id='word_1_173' title='bbox 286 3162 425 3257; x_wconf 88' lang='lat' dir='ltr'>imagini</span> <span class='ocrx_word' id='word_1_174' title='bbox 459 3181 528 3235; x_wconf 83' lang='lat' dir='ltr'>tuae</span> <span class='ocrx_word' id='word_1_175' title='bbox 561 3163 670 3248; x_wconf 85' lang='lat' dir='ltr'>thure</span> <span class='ocrx_word' id='word_1_176' title='bbox 695 3187 735 3235; x_wconf 85' lang='lat' dir='ltr'>ac</span> <span class='ocrx_word' id='word_1_177' title='bbox 772 3161 854 3234; x_wconf 86' lang='lat' dir='ltr'>vino</span> <span class='ocrx_word' id='word_1_178' title='bbox 895 3160 1084 3256; x_wconf 84' lang='lat' dir='ltr'>supplicare,</span> 
     </span>
     <span class='ocr_line' id='line_1_28' title="bbox 99 3257 1083 3358; baseline 0.006 -32"><span class='ocrx_word' id='word_1_179' title='bbox 99 3271 161 3326; x_wconf 84' lang='lat' dir='ltr'>aut</span> <span class='ocrx_word' id='word_1_180' title='bbox 189 3259 392 3351; x_wconf 80' lang='lat' dir='ltr'>maledicere</span> <span class='ocrx_word' id='word_1_181' title='bbox 423 3264 615 3346; x_wconf 73' lang='lat' dir='ltr'>Cuntrro,</span> <span class='ocrx_word' id='word_1_182' title='bbox 645 3257 732 3333; x_wconf 89' lang='lat' dir='ltr'>nihil</span> <span class='ocrx_word' id='word_1_183' title='bbox 760 3281 884 3358; x_wconf 85' lang='lat' dir='ltr'>cogere</span> <span class='ocrx_word' id='word_1_184' title='bbox 900 3273 1010 3356; x_wconf 74' lang='lat' dir='ltr'>potest</span> <span class='ocrx_word' id='word_1_185' title='bbox 1025 3281 1083 3342; x_wconf 80' lang='lat' dir='ltr'>our,</span> 
     </span>
    </p>
   </div>
   <div class='ocr_carea' id='block_1_8' title="bbox 0 0 1165 3725">
    <p class='ocr_par' dir='ltr' id='par_1_8' title="bbox 0 0 1165 3725">
     <span class='ocr_line' id='line_1_29' title="bbox 0 0 1165 3725; baseline 0 0"><span class='ocrx_word' id='word_1_186' title='bbox 0 0 1165 3725; x_wconf 95' lang='lat' dir='ltr'> </span> 
     </span>
    </p>
   </div>
  </div>
 </body>
</html>
