2292 3725
557 216 612 293 88

89 420 286 503 terrogaret
305 406 462 485 animum
493 436 621 487 suum:
665 414 774 509 Quod
814 413 921 487 hodie
956 413 1086 490 malunt

86 522 210 675 3331
221 505 374 679 {an
415 510 484 585 Cui
502 510 600 584 -vitio
630 511 814 589 obstitisti?
863 512 950 611 Qud
989 530 1086 611 parte

84 796 276 873 Pulchrum
291 802 442 875 eminere
457 822 508 877 est
524 805 613 887 inter
629 806 778 900 illustres
794 808 910 895 viros;

84 897 278 969 Consulere
295 902 441 995 patriae3
467 930 606 1000 parcere
622 906 752 978 afflictis
767 936 776 993 3
805 903 898 979 feri.

83 995 193 1067 Caede
209 997 401 1104 abstinere3
429 1018 566 1098 ternpus
580 1022 683 1099 atque
700 1007 761 1079 irae
778 1006 872 1092 dure,
945 1048 948 1058 ·

83 1093 173 1164 Orbi
191 1096 350 1191 quietem,
372 1100 488 1173 seculo
505 1126 625 1197 pacem
644 1126 718 1174 suo.
774 1102 777 1109 ’

81 1193 170 1267 Haec
186 1220 323 1269 summa
338 1198 455 1285 virtus,
474 1199 602 1295 petitur
619 1200 685 1277 hale
702 1201 832 1275 coelum
848 1199 916 1274 vit.

129 1398 349 1495 Lysandrum
366 1398 484 1472 dicere·
504 1400 600 1473 aiunt
629 1400 791 1473 solitum:
830 1398 1082 1471 Lacedaeutonc

79 1518 152 1567 esse
180 1495 457 1570 honestissimum
486 1499 698 1571 domicilium
729 1497 921 1569 senectutis.
989 1496 1081 1567 Nus·

79 1617 184 1687 quam
210 1596 302 1665 enirn
332 1612 465 1671 tantum
491 1596 653 1669 tribuitur
681 1594 785 1680 retati,
820 1604 993 1693 nusquam
1032 1608 1083 1663 est

77 1708 235 1764 senectus
264 1692 475 1764 honoratior.
526 1694 623 1787 Quin
652 1693 753 1767 etiarn
771 1691 948 1765 memorius
964 1688 1083 1789 prodi·

77 1808 154 1864 tum
170 1805 231 1877 est,
251 1790 335 1864 citm
350 1790 497 1866 Athenis
523 1791 664 1888 quidam
691 1792 727 1864 in
750 1790 923 1864 theatrum
934 1786 1083 1890 grandis
1130 1805 1131 1841 l

75 1907 159 1961 natu
189 1890 348 1980 venisset,
379 1890 416 1960 in
445 1915 573 1988 magno
597 1915 760 1968 consessu
784 1889 902 1966 locunt
926 1888 1082 1964 eiasuis
1129 1969 1130 1990 χ

76 1985 208 2060 civibus
222 2011 395 2084 nusquam
421 1989 563 2072 datum:
603 1989 687 2064 cum
713 2005 828 2061 autern
856 1989 901 2062 ad
918 1987 1082 2060 Lacedae‘-
1129 1993 1130 2019 ¹

72 2084 214 2158 'monios
242 2088 445 2181 accessisset,
484 2087 738 2161 consurrexisse
780 2095 912 2172 omnes,
941 2103 977 2158 et
1006 2085 1081 2156 seni
1128 2141 1129 2199 1

74 2187 194 2258 sedem
209 2184 381 2257 dedisse:
420 2186 511 2260 crim
540 2187 584 2259 ab
618 2186 778 2261 omnibus
815 2184 957 2280 plausus
990 2201 1081 2258 esset

74 2285 185 2370 datus,
216 2283 340 2357 dixisse
364 2310 410 2358 ex
436 2283 476 2357 iis
505 2285 703 2380 quendamt
730 2283 961 2356 Athenienses
977 2281 1077 2370 scire,
1127 2342 1128 2378 p

47 2399 51 2402 ’
72 2409 154 2482 quae
169 2399 263 2457 recta
279 2401 404 2474 essens
422 2383 483 2456 sed
499 2381 614 2462 tacere.
631 2381 740 2462 nolle..

73 2586 174 2658 Rure
189 2610 329 2660 morans
345 2585 430 2684 quid
445 2609 559 2684 agam,
571 2585 764 2681 respondeo
781 2607 903 2679 pauca,
918 2600 1076 2684 rogatus.

71 2686 169 2758 Luce
184 2685 281 2755 Deos
294 2710 379 2760 oro:
406 2680 569 2771 fainulos,
586 2683 666 2780 post
683 2707 776 2771 arvo,
789 2680 911 2755 reviso.
953 2717 956 2730 ·
1124 2757 1125 2772 1

50 2817 53 2821 ·
70 2784 157 2857 Inde
174 2782 265 2878 lego,
283 2783 533 2878 Phoebumque·
545 2783 839 2878 cio,.Musamque
856 2781 997 2856 lacesso.

70 2882 164 2954 Hinc
181 2882 260 2951 oleo
277 2904 472 2981 corpusque
486 2880 589 2970 frico,
600 2881 767 2976 mollique
780 2878 938 2976 palaestrh

70 2979 212 3077 Stringo
229 2979 349 3067 libens,
356 2981 477 3052 unimo
490 2982 655 3077 gaudens
671 3003 710 3051 ac
727 2977 862 3052 foenore
880 2977 977 3050 liber.

57 3078 241 3162 Prandeo,
259 3095 353 3172 poto,
372 3104 474 3166 cano,
491 3079 586 3162 ludo,
606 3080 699 3166 lavo,
715 3101 829 3160 coeno,
849 3075 1007 3172 quiesce,

69 3175 170 3246 Dum
186 3198 311 3270 parvus
328 3175 474 3270 lychnus
490 3177 667 3248 modicum
683 3191 863 3269 consumat
876 3171 955 3249 olivi
971 3199 989 3250 s

69 3271 158 3348 Haec
174 3273 233 3348 dat
246 3272 423 3351 nocturnis
438 3296 512 3353 nox
528 3272 710 3351 lucubrata.
725 3271 918 3348 Camoenist
