2292 3725
557 134 615 223 t
1125 1 1133 274 t

79 343 153 443 Qui
165 348 220 442 fit,
237 345 424 434 Maecenas,
443 328 482 421 ut
497 372 618 438 nemn,
643 344 753 446 quain'
766 344 828 419 sibi
845 325 988 435 sortem,
1009 320 1013 331 ¹

76 452 146 521 Seu
163 448 248 519 ratio
264 447 406 532 dederit,
425 470 486 519 sen
502 444 585 521 fors*
593 448 765 549 objecerit,
783 444 843 517 illa

76 550 272 620 Contentus
286 546 400 636 vivat3
429 547 545 620 laudet
561 548 694 621 diversa
710 543 915 644 sequentes?

124 693 310 766 'limoleon
355 691 478 765 missus
520 719 542 764 a
585 692 774 766 Corinthiis
816 690 860 762 ad
902 686 1081 763 ferendam

74 817 178 887 opem
207 790 439 886 syracusanis,
464 791 655 864 incredibili
682 790 842 863 felicitate
871 790 1083 885 Dionysium

74 889 148 963 toti
164 888 278 983 ¹Siciliai
299 891 458 986 depulit3
485 888 678 963 civitatibus
705 889 798 985 leges
817 888 1081 983 libertatemque

73 988 250 1076 reddidit;
302 1007 337 1061 et
371 990 524 1061 maximo
558 988 653 1061 bello
694 1005 830 1059 tantum
872 986 983 1057 otium
1018 986 1081 1057 toti
1134 984 1135 1037 l

72 1086 194 1159 insulae
227 1086 431 1174 conciliavit,
478 1105 517 1159 ut
558 1080 719 1175 conditor
768 1085 909 1158 urbium
959 1108 1082 1155 earum

73 1186 257 1258 videretur.
324 1186 422 1259 Cum
469 1185 571 1259 tantis
614 1203 704 1257 esset
736 1184 870 1279 opibus,
907 1200 946 1255 ut
979 1182 1083 1255 etiam

71 1284 184 1357 invitis
216 1286 385 1381 imperare
422 1302 562 1381 posset;
607 1296 741 1357 tantum
787 1301 902 1355 autem
937 1282 1082 1355 haberet

72 1406 228 1457 amorem
262 1384 419 1457 omnium
452 1382 665 1472 Siculorum,
697 1399 736 1455 ut
764 1382 864 1454 nullo
898 1396 1081 1453 recusante

71 1504 221 1578 regnum
247 1483 443 1570 obtineret;
479 1483 600 1555 maluit
628 1508 664 1556 se
694 1481 803 1579 diligi,
833 1479 941 1577 quarn
958 1479 1080 1553 metui.

71 1582 202 1674 ltaque,
234 1581 321 1653 sirm
353 1581 510 1675 pr'unitm
538 1582 662 1677 potuit,
692 1579 876 1676 imperium
905 1578 1084 1675 deposuit,

70 1696 107 1793 et
131 1678 290 1793 ,privatus
321 1680 510 1775 Syracusis,
549 1682 646 1776 quod
679 1680 854 1777 reliquum
886 1678 965 1751 vitae
997 1674 1079 1763 fuit,
1135 1694 1136 1699 ’

70 1795 179 1850 Vtut(
864 1791 867 1802 '

69 1925 131 2000 Nil
148 1925 297 1998 nimium
314 1926 598 2026 studeoQCaesar,
617 1925 677 1999 tibi
695 1923 784 2002 velle
800 1923 948 2022 placere,
975 1956 978 1962 2

119 2021 196 2098 Nec
213 2026 300 2098 scire
318 2027 445 2098 utrdm'
456 2028 500 2098 sis
516 2023 626 2112 albus,
645 2048 690 2097 an
706 2042 790 2112 ater,
805 2026 925 2098 homo.
1002 2025 1007 2033 ’

126 2167 297 2248 Habenda
313 2196 364 2246 est
380 2174 466 2254 ratio
478 2174 704 2248 valetudinis:
735 2176 904 2250 utendum
917 2197 968 2252 est
981 2198 1082 2249 exer·
1136 2255 1137 2270 χ

71 2274 286 2349 citationibus
302 2272 455 2346 modicis.
1136 2273 1137 2280 ’

74 2414 167 2486 Rara
176 2415 322 2512 juvant3
349 2411 468 2508 primis
483 2410 532 2486 sic
546 2415 656 2512 major
669 2413 775 2511 gratia
788 2415 923 2512 pomis:
1092 2443 1106 2501 r

122 2513 300 2608 Hybernae
315 2511 469 2608 pretium
485 2511 533 2587 sic
547 2537 710 2586 meruere
726 2537 825 2586 rosae.

122 2658 370 2744 Diocletianus,
396 2675 519 2754 sponte
542 2659 702 2755 depositis
727 2659 959 2757 imperialibus
982 2661 1080 2736 fasci-

71 2761 152 2845 bus,
181 2757 216 2826 in
233 2759 379 2851 propriis
395 2759 485 2854 agris
501 2759 690 2832 consenuit.
746 2761 873 2859 Quium
889 2760 1073 2860 aliquando

72 2859 117 2930 ab
133 2855 300 2928 Herculio
325 2873 359 2928 et
378 2857 521 2929 Galerio
538 2859 746 2932 excitaretur
771 2861 815 2933 ad
843 2859 1076 2957 recipiendum

72 2953 269 3050 hunerium,
301 2954 389 3027 illud
420 2973 585 3054 tanquam
618 2965 750 3054 pestem
784 2959 967 3049 detestans,
1008 2961 1075 3030 hoc

71 3052 275 3148 respondit:
314 3054 460 3128 Utinam
493 3059 630 3130 satonae
711 3058 805 3131 ssetis
838 3059 947 3136 visere
980 3059 1073 3136 olera
1136 3117 1137 3124 ,

72 3151 210 3222 nostris*
230 3151 388 3224 manibus
417 3154 556 3241 consita,
589 3177 652 3250 pro
668 3157 746 3230 ectb
777 3178 958 3256 nunquam
989 3157 1073 3230 illud
1136 3191 1137 3194 ¹

71 3247 274 3320 tentandum
283 3251 488 3345 judicaretis.
