2292 3725
576 22 632 97 20

76 224 151 299 Cur
167 247 233 323 ego
249 218 397 296 amicum
416 220 615 296 offendam
605 248 642 297 tn
659 186 787 323 nugis?

73 322 246 397 Promissa
261 340 320 395 tua
335 320 503 395 memoria
520 338 674 395 teneas

73 420 193 493 Suavis
210 421 369 493 laborum
385 438 436 492 est
448 421 703 515 praeteritornm
719 421 897 500 memoria.
955 476 958 479 -
1001 449 1003 452 ·

71 520 169 591 India
186 520 288 591 mittit
305 522 401 590 ebur.
502 556 512 563 -
1000 525 1009 548 ¹

73 615 223 706 Scientia
239 617 334 689 nulla
345 638 400 687 res
411 634 462 689 est
474 616 701 713 praestantior.
726 613 732 622 ’
764 693 766 696 ,

72 696 199 790 Literae
216 714 315 787 facilc
333 714 522 789 discuntur.

71 813 283 911 Diligentia
274 838 310 884 m
326 814 488 888 omnibus
504 817 609 889 rebus
619 811 815 930 plutimittn
830 787 932 889 vnlct.

72 912 257 1011 Agricola
249 936 393 1000 incurvo
411 932 538 990 tertam
551 911 695 1020 dimovit
709 930 835 987 aratro.

71 1011 169 1083 Nihil
186 1028 237 1083 est
253 1010 335 1085 vera
352 1012 463 1127 gloria
479 1010 671 1086 dulcius.

71 1109 192 1183 Medio
208 1108 395 1182 tutissimus
406 1110 481 1182 ibis.
579 1188 582 1192 ,
989 1185 993 1193 ,

58 1200 204 1281 'verum
222 1208 349 1281 decus
339 1232 377 1281 tn
393 1208 518 1283 virtute
534 1207 760 1305 positumest.
861 1250 868 1259 v
910 1274 915 1287 .

70 1308 182 1384 Pietas
201 1325 297 1405 grata
313 1325 363 1379 est
386 1308 477 1381 Deo.

72 1407 198 1479 Omnis
215 1407 322 1478 virtus
339 1406 375 1476 in
391 1407 524 1480 actione
540 1405 703 1481 consistit.

69 1506 200 1577 Vocare
216 1501 320 1599 culpit
337 1506 528 1577 maximum
542 1525 594 1577 est
608 1506 779 1577 solatium.

69 1603 144 1699 Qui
158 1626 231 1675 non
247 1618 338 1675 vetat
354 1626 495 1699 peccare
511 1603 599 1676 citm
616 1604 735 1699 possit,
747 1606 860 1701 jubet

71 1700 232 1777 Cantabit
247 1726 376 1775 vacuus
392 1726 512 1775 coram
529 1701 710 1775 latrone
678 1722 798 1773 viator.

69 1802 228 1876 Ploratnr
245 1799 404 1898 lacrymis
416 1800 537 1874 amissa
549 1800 695 1898 pecnnia
709 1798 809 1874 vetis.

70 1899 288 1974 Conscientia
304 1901 398 1974 mille
413 1917 525 1974 testes.

68 1993 214 2086 Fcias,
197 2022 267 2068 non
285 2000 416 2094 culpes,
433 2000 529 2095 qood
541 1997 639 2072 vitati
654 2022 726 2071 non
737 2016 866 2095 potest.

67 2080 219 2196 AEgroto
235 2097 330 2168 dum
338 2095 450 2168 anima
466 2111 526 2183 θεῖ,
545 2122 624 2194 spes
636 2115 698 2170 est.

70 2195 255 2268 Otandum
272 2212 374 2268 estut
391 2193 433 2266 sit
450 2219 548 2268 mens
564 2218 647 2268 sana
661 2195 699 2268 in
714 2219 859 2292 corpore
875 2221 971 2272 sano.
1045 2265 1051 2275 ,

66 2293 239 2366 Nolito
205 2293 355 2368 nimium
371 2293 431 2368 tibi
447 2293 642 2390 placere

67 2394 169 2464 Mors
185 2412 309 2468 cuncta
325 2392 522 2466 mortalium
540 2393 632 2466 mola-
643 2393 808 2467 dissolvit

67 2489 705 2662 guisamicinr,qnamfrate1fratr1i
762 2510 765 2511 ’

101 2586 178 2660 ivile
190 2590 320 2663 bellum
333 2589 655 2685 pemiciosissimnm
666 2607 728 2664 est.

21 2729 22 2734 =
67 2687 188 2759 Homo
205 2704 302 2760 ortus
318 2689 424 2760 estad
440 2690 559 2760 Deum
573 2689 770 2764 colendum.

66 2789 128 2855 An
144 2785 346 2880 piscatorem
362 2786 462 2881 piscis
478 2809 594 2858 amare
608 2796 748 2882 potest?

66 2881 189 2993 Nihil
180 2907 215 2958 tn
232 2885 311 2964 hoc
317 2885 448 2958 mundo
465 2883 583 2958 fieri
555 2910 628 2958 stne
644 2887 723 2960 Deo
741 2905 909 2986 potest.
