2292 3725
435 160 576 270 ‚4¹

219 340 296 419 The
308 340 528 430 Substantive
540 362 613 434 and
627 364 684 438 tlte
701 367 894 465 Adjective.
997 361 1001 372 ¹

54 536 206 611 Garrula
223 540 340 643 lingua
356 568 467 625 nocet.

49 634 152 735 Fugit
169 639 283 713 invida
300 663 390 719 aetas.

48 733 202 833 Fugaces
220 740 383 815 labuntur
396 750 489 823 anni.

46 832 199 907 Solvitur
217 838 303 911 acris
320 840 452 938 hyems,

44 927 160 1004 Litera
176 935 300 1031 scripta
315 962 441 1017 manet.

43 1027 145 1129 Fugit
157 1030 373 1130 irreparhbile
388 1060 536 1143 tempus.

42 1126 113 1199 Ver
129 1150 200 1203 erat
217 1152 397 1212 aeternum.

39 1225 144 1299 Venit
160 1230 309 1327 glacialis
327 1235 458 1337 hyems
553 1326 562 1331 -

38 1324 143 1419 Sylva
157 1346 255 1403 vetus
267 1336 386 1407 stabat.
443 1340 445 1346 ’

35 1412 164 1497 Nostra
181 1452 327 1525 corpora
349 1453 539 1513 vertuntur.

36 1521 151 1618 Culpa
167 1542 225 1597 tua
242 1545 303 1600 est.

32 1615 119 1693 Dira
135 1640 297 1719 parantur
317 1628 416 1704 bella.

30 1715 139 1793 Nulla
154 1747 253 1796 mora
269 1742 329 1797 est.
520 1792 523 1799 .

29 1814 128 1892 Dum
145 1842 218 1894 nox
236 1842 311 1919 atray
325 1822 415 1916 sinit,
432 1846 470 1902 tu
488 1828 594 1934 fugis.

29 1911 150 1990 Brevis
166 1925 401 2020 est'voluptas.
503 1965 508 1973 ·

27 2013 167 2090 Bellum
185 2037 235 2092 est
251 2022 407 2096 dubium.

22 2109 146 2188 'Parvae
162 2143 217 2190 res
233 2141 403 2194 crescunt.

24 2208 145 2286 Brevis
162 2240 262 2288 coena
270 2220 379 2314 juvat.

23 2310 128 2386 Mora
145 2331 217 2387 non
234 2333 307 2388 tuta
324 2335 385 2390 est.

23 2405 160 2508 Fn'gida
176 2437 249 2487 nox
267 2432 327 2488 esu

21 2506 90 2580 Iter
105 2535 151 2584 ex
170 2511 287 2586 Gallia
303 2531 418 2590 tutum
434 2543 505 2594 non
523 2521 609 2611 fuit.¹

20 2605 141 2680 Brevis
157 2605 207 2682 est
224 2611 288 2684 via.

15 2703 92 2777 Nix
109 2705 176 2780 a'lta
187 2712 289 2806 jacet.
371 2791 372 2794 ,

20 2801 145 2878 Omnis
161 2832 238 2902 spes
255 2810 290 2882 ln
307 2809 388 2884 Deo
405 2830 465 2888 est.

18 2899 162 3002 Semper
180 2911 336 2982 *avarus
353 2929 442 3008 eget.

18 3003 36 3040 *
57 3001 147 3076 Boni
163 3021 243 3077 sunt
255 3005 332 3078 rari.

14 3103 132 3190 Stabat
148 3104 242 3176 nuda
263 3121 372 3180 aestas.

14 3201 149 3276 Nemus
164 3225 271 3278 omne
287 3204 418 3280 virebit.
