2292 3725
457 184 564 300 os

29 417 125 512 Quis
140 433 298 502 matrem,
318 414 381 487 nisi
398 412 522 508 mentis
538 415 651 510 inops,
662 414 698 485 in
711 412 832 487 funere
849 413 919 488 nati
947 478 948 483 ,
979 476 981 484 s

80 515 182 587 Flere
198 515 313 588 vetat?
339 538 410 585 nun
424 515 492 584 hoc
505 512 563 582 illa
581 514 753 585 monenda
770 513 848 601 loco
862 531 923 585 est.

30 612 133 687 Cum
165 614 298 685 dederit
325 614 503 710 lacrymas,
532 612 757 709 animumque
786 609 975 707 expleverit

181 737 330 808 aegrum,

74 810 145 930 Ille
162 812 262 883 dolor
279 809 393 883 verbis
410 807 665 882 emoderandus
682 780 756 881 erit.

82 1000 244 1071 Burrhus
270 1002 406 1094 petebat
429 1024 450 1069 a
470 998 625 1081 Nerone,
652 1016 690 1069 ut
711 995 873 1068 scriberet
896 994 1038 1068 nomina

31 1099 221 1184 latronum,
239 1098 298 1194 qui
321 1102 364 1170 ad
380 1098 588 1193 supplicium
611 1096 760 1167 ducendi
770 1112 884 1167 erant.
938 1097 1038 1175 cum

32 1200 187 1267 chartam
214 1196 322 1267 invito
345 1196 548 1279 tradidisset,
568 1195 774 1267 exclamavit
794 1195 917 1265 Nero:
955 1194 1038 1263 Vel·

33 1301 103 1366 lem
120 1295 251 1367 nescire
267 1296 413 1396 literas.
691 1312 695 1321 ‘

35 1470 143 1563 Quot
165 1467 338 1562 lepores
328 1493 366 1541 m
396 1466 508 1557 Atho,
543 1486 629 1564 quot
663 1490 744 1562 apes
777 1478 965 1561 pascuntur
1001 1465 1053 1543 in'

86 1566 331 1761 cdiiliiquot
348 1668 469 1739 baccas
482 1666 643 1739 Pallados
660 1667 763 1738 arbor
780 1664 907 1737 habet:

34 1763 171 1852 Littore
186 1782 271 1858 quot
285 1764 452 1851 conchae3
480 1781 532 1834 tot
549 1783 630 1835 sunt
647 1764 682 1834 iu
701 1783 818 1834 amore
835 1763 993 1836 dolores:
1030 1770 1031 1773 ’

87 1865 179 1958 Quae
196 1863 359 1958 patimur,
377 1865 489 1934 multo
506 1863 636 1959 spicula
653 1860 733 1935 felle
751 1865 902 1934 madent.

82 2047 247 2120 Tiberius
302 2047 472 2143 rescripsit
524 2041 728 2145 praesidibus
786 2049 1040 2145 provinciarum

35 2147 228 2218 onerandas
265 2171 339 2218 esse
379 2148 509 2218 tributo
555 2149 748 2242 provincias
787 2150 1037 2223 scribentibus:

37 2244 128 2316 Boni
145 2246 289 2386 pastoris
306 2271 392 2335 esse,
411 2248 557 2318 tondere
572 2271 689 2342 pecus,
708 2261 781 2318 no'n
799 2249 996 2345 deglubere.
1043 2247 1055 2290 ²

39 2419 164 2512 Turpe
177 2415 240 2488 erit
256 2416 293 2488 in
309 2416 443 2488 miseris
459 2418 565 2490 veteri
582 2419 642 2492 tibi
659 2413 761 2490 rebus
778 2419 890 2494 amico
975 2485 977 2488 .

90 2508 277 2588 Auxilium
294 2513 393 2588 nullri
408 2534 506 2610 parte
521 2505 641 2589 tulisse
655 2535 766 2590 tuum.
856 2547 859 2552 ¹

40 2616 163 2707 Turpe
177 2611 309 2685 referre
324 2615 473 2707 pedem3
499 2640 564 2688 nec
582 2641 688 2710 passu
699 2633 789 2688 stare
804 2616 937 2710 tenaci3

89 2714 220 2808 Turpe
228 2711 442 2784 laborantem
459 2717 647 2788 deseruisse
659 2733 779 2788 ratem

41 2811 178 2905 Turpe
175 2812 275 2923 sequi
291 2833 421 2894 casum,
440 2830 475 2883 et
490 2810 641 2892 fortunae
659 2817 805 2905 cedere3
831 2813 982 2890 amicum

89 2909 149 2996 Et,
165 2908 228 2980 nisi
245 2910 289 2980 sit
305 2907 410 2993 felix,
416 2933 494 2987 esse
512 2935 640 3008 negare
655 2925 766 2984 tuum.

91 3091 154 3161 Est
182 3091 347 3183 praeclara
373 3089 516 3185 epistola
548 3089 710 3176 Platonis,
743 3091 803 3188 qui
831 3093 868 3166 in
891 3094 1043 3170 Siciliam
1105 3139 1107 3144 v

45 3191 186 3260 ‘vocatus
199 3186 323 3275 fuerat,
340 3188 394 3259 his
409 3187 483 3260 ferd
496 3189 631 3272 verbis:
660 3189 745 3283 Qui>
759 3193 844 3264 cum
861 3195 1042 3279 venissem,

45 3287 212 3374 vitaida,
247 3288 344 3360 beata
365 3311 462 3382 xquac
498 3285 699 3376 ferebatur‚'
715 3283 817 3382 plena
849 3290 1042 3368 Italicarum
