2292 3725
534 114 592 211 67

60 326 132 401 Seu
150 296 235 399 'turn
252 324 307 397 vet
322 322 425 398 tures
439 341 560 421 optem
573 324 674 421 prius
687 323 961 414 inuenero·
997 350 1003 365 ‚
1039 358 1043 365 ·

59 425 129 495 Vel
145 422 482 519 Pateromnipotens
491 424 606 521 adigat
623 448 680 496 me
691 422 892 498 fulminead
911 427 1066 515 anbrosp

58 513 233 603 Pallentes
251 525 391 595 umbras
405 520 522 608 Erebi,
540 540 752 628 noctemque
766 522 987 619 profundam,
1060 574 1067 609 ,

59 620 172 706 Ante,
191 622 318 714 pudor,
331 619 439 717 quim
452 638 488 693 te
501 619 643 710 violem,
660 639 719 731 aut
732 628 789 737 tua
795 624 873 719 jura
886 624 1066 706 resolvam.

111 796 192 867 Nec
213 794 350 879 domus,
379 817 444 865 nec
475 793 686 889 Respublica
712 812 802 867 stare
830 811 954 889 potest,
982 795 1069 869 stin

62 890 106 964 ei
131 916 197 965 nec
225 891 319 983 recti
349 889 446 966 lactis
475 892 617 988 praemia
646 909 775 979 extent,
795 916 877 986 nec.
902 894 1070 992 supplicia

62 992 238 1087 peccatis.⁷

64 1164 182 1241 Crede
197 1164 294 1251 mihi,
312 1165 444 1239 miseris
460 1164 612 1240 coelestia
627 1164 770 1239 numina
786 1182 945 1262 parcunt,
1065 1210 1074 1227 ι

114 1264 194 1337 Nec
210 1288 347 1362 semper
364 1265 465 1339 laesos
481 1284 516 1337 et
531 1265 603 1339 siue
617 1266 687 1337 fine
703 1280 877 1361 premunt.
965 1336 967 1343 ,

115 1401 301 1477 Timoleon
336 1403 537 1476 Corinthius
571 1426 718 1500 magnus
734 1416 738 1425 '
752 1402 910 1474 omnium
939 1404 1068 1501 judicio
1136 1432 1137 1435 ¹

63 1502 117 1575 vir'
133 1504 255 1574 extitit.
306 1504 470 1597 Namque
493 1502 573 1573 huic
592 1502 651 1571 uni
680 1501 835 1598 contigit,
862 1520 899 1575 ut
924 1504 1073 1599 patriam

62 1612 262 1697 oppressam
291 1626 312 1673 a
344 1619 490 1697 tyranno
515 1600 686 1671 liberaret.
738 1603 836 1674 Cirnt
865 1598 971 1674 frater
997 1604 1071 1701 ejus

61 1702 299 1796 Timophanes
341 1700 558 1795 tyrannidem
593 1698 753 1771 Corinthi
786 1700 998 1797 oecuptisset,
1034 1716 1073 1773 et'

62 1801 138 1896 ipse
164 1799 331 1894 particeps
360 1798 458 1897 regni
485 1814 599 1894 posset
629 1821 712 1885 esse,
747 1800 885 1872 tantum
911 1797 1069 1872 abfuita

62 1898 224 1972 societate
258 1897 407 1985 sceleris,
450 1915 488 1970 ut
528 1895 721 1968 antetulerit
767 1898 894 1969 civium
922 1921 1070 1970 suorum

62 1998 257 2070 libertatem
273 1993 385 2069 fratris
399 1995 508 2080 saluti,
540 2013 574 2065 et
591 1994 708 2090 patriae
739 1993 872 2094 legibus
895 1997 1069 2114 obtempe-

63 2121 142 2170 rare
188 2096 336 2167 sanctius
381 2095 531 2181 duxerit,
578 2092 683 2188 quim
728 2093 896 2189 imperare
939 2113 1066 2191 patnae.

62 2194 144 2267 Hic
196 2213 320 2280 mente,
371 2191 514 2264 fratrem
559 2209 745 2290 tyrannum
793 2193 1069 2268 interficiendum

62 2311 206 2368 curavit.

64 2467 139 2542 odi
152 2477 186 2540 et
203 2492 307 2540 amo:
335 2447 443 2563 quare
458 2465 492 2536 id
510 2462 646 2552 faciam,
663 2460 806 2535 fortasse
823 2460 986 2560 requiris3

114 2567 266 2656 Nes'ci03
294 2568 355 2638 sed
372 2566 446 2664 fieri
462 2564 582 2650 sentio,
602 2581 635 2635 et
653 2562 846 2635 excrucion
925 2663 929 2672 ι

59 2770 82 2802 s
116 2729 249 2803 Literas
272 2730 366 2802 adse
382 2731 431 2799 abx
451 2727 563 2800 arnico
593 2727 721 2814 missas,
748 2721 936 2800 offensione
956 2729 1071 2828 aliqui

61 2831 101 2902 in
130 2829 284 2902 medium
315 2825 481 2924 proferre,
515 2827 699 2922 palamque
725 2827 878 2911 recitare,
908 2829 993 2900 nihil
1019 2847 1071 2904 est

62 2928 170 3014 aliud,
198 2925 305 3022 quim
330 2926 490 2998 tolleree
512 2924 582 2996 viti
608 2925 815 3008 societatem,
842 2925 963 3022 tollere
989 2929 1072 3002 ami·

63 3052 190 3102 corum
209 3026 380 3120 colloquia
395 3024 608 3096 absentium:
633 3023 742 3118 ,multa
760 3023 851 3104 enim
869 3024 945 3122 loca
960 3027 1073 3124 solent

64 3151 141 3200 esse
151 3125 186 3197 in
199 3127 359 3222 epistolis,
374 3148 465 3221 quae,
476 3122 609 3223 prolata
619 3121 646 3194 si
656 3121 733 3206 sint,
747 3119 861 3218 inepta
872 3121 1074 3202 videantur:

63 3249 99 3301 et
116 3226 229 3301 multa
244 3222 343 3313 seria,
360 3246 474 3319 neque
490 3239 607 3294 tamen
623 3219 844 3320 divulganda.
