2292 3725
555 236 687 332 6ss

74 442 155 521 auri
189 442 326 545 pondus
341 440 535 527 :Samnites
566 442 652 519 edm
680 442 883 532 attulissent,
918 436 1085 540 repudiati

76 550 123 620 ab
155 570 198 621 eo
227 563 318 619 sunt.
370 541 470 617 Dixit
494 543 600 632 enirn,
624 564 838 617 nouantem
855 542 1084 639 habereprae·

74 648 215 719 clarum
244 642 307 719 sibi
340 644 469 736 videri3
495 644 627 741 sedis,
660 644 721 742 qui
752 644 919 717 haberent
945 662 1085 729 aurum,

75 746 263 843 imperare.

73 930 142 1003 Sol
173 926 273 1026 fugit,
309 944 343 1001 et
376 944 555 1027 removent
584 926 765 1022 subeuntia
796 922 915 1000 nubila
930 922 1087 1014 coelum3

129 1030 178 1101 Et
194 1026 306 1125 gravis
323 1026 438 1100 effusis
454 1025 581 1101 decidit
596 1026 706 1100 imber
722 1024 830 1123 aquis.
887 1038 904 1077 ⁸¹

131 1174 195 1247 Est
212 1176 405 1265 nonflmodb
419 1174 567 1261 liberale,
587 1174 768 1270 paululum
780 1194 1034 1271 nonnunquam
1045 1169 1090 1242 de

75 1300 145 1347 suo
168 1278 247 1372 jure
263 1274 441 1361 decedere,
468 1276 529 1347 sed
547 1271 722 1348 interdum
739 1274 841 1347 etiam
857 1269 1088 1344 fructuosum·
1113 1338 1126 1355 x

235 1448 329 1519 Nam
346 1447 440 1537 dives
456 1446 515 1545 qui
533 1446 609 1519 fieri
631 1446 720 1534 uult,

78 1544 401 1657 mssmffl

109 1714 116 1747 τ
257 1692 406 1785 ,deor
431 1690 469 1767 S.
513 1651 588 1769 DJ
614 1687 790 1769 'Terentiae
804 1716 931 1769 sua„
1041 1669 1043 1672 Ι

133 1841 172 1916 Si
184 1842 291 1928 -vales,
309 1844 399 1914 bene
415 1859 465 1916 est
482 1867 491 1914 z
512 1867 579 1942 ego
596 1842 706 1915 valeo.
737 1840 981 1915 Valetudinem
996 1854 1094 1913 tuam

75 1941 188 2016 veliin
204 1959 314 2016 eures·
330 1940 599 2040 diligentissimb.
650 1943 747 2014 Nam
772 1941 857 2013 mihi
874 1957 909 2014 et
923 1938 1093 2036 scriptdr'n

76 2058 117 2114 et
152 2040 364 2114 nunciatum·
377 2058 449 2128 est,
483 2059 516 2112 te
550 2041 594 2112 in
620 2039 746 2113 febrim
778 2041 894 2114 subito
908 2037 1089 2112 ‘incidisse

79 2139 197 2237 Quod
223 2139 379 2212 celeriter
403 2165 460 2212 me
476 2137 584 2214 fecisti
602 2139 646 2212 de
668 2141 816 2214 Caesaris
845 2139 949 2225 literis
970 2139 1093 2230 certio·

78 2259 174 2327 rem,
202 2237 310 2312 feriari
340 2238 423 2310 mihi
453 2257 604 2337 gratum.
655 2242 743 2312 Item
771 2241 924 2338 posthac,
954 2238 983 2308 si
1009 2235 1095 2332 quid

79 2359 177 2434 opus
201 2337 278 2424 erit',
307 2335 335 2409 si
363 2338 447 2436 quid
476 2339 636 2412 acciderit
661 2341 756 2430 nori,
785 2329 889 2410 facies
915 2335 1090 2437 ist-seiam.

80 2441 185 2510 Cura
197 2452 236 2508 ut
253 2437 377 2512 valeas
428 2437 527 2510 Vale.

77 2600 199 2676 Sensit
214 2582 429 2688 Alexander,
448 2602 631 2681 testitum
645 2603 730 2675 vidit
746 2603 782 2674 in
795 2601 855 2675 illt

69 2703 259 2798 Magnum
277 2701 517 2790 habitatorem,
534 2719 665 2801 quanto
682 2701 815 2774 felicior
831 2701 899 2788 hic,
916 2701 978 2799 qui

76 2799 147 2874 Nil
175 2812 326 2895 cuperet,
343 2801 451 2897 quim
474 2801 665 2898 quitotuna
691 2800 756 2873 sibi
780 2818 937 2897 posceret
960 2800 1095 2876 orbem.

136 2971 293 3046 Phocion
315 2973 549 3061 Atheniensis,
584 2971 646 3044 etsi
672 2997 764 3069 saepe
787 2971 994 3046 exercitibus
1009 3000 1097 3072 prae-

80 3070 165 3156 fuit,
193 3096 439 3168 ‚summosque
484 3073 701 3170 magistratus
735 3072 835 3169 cepit,
874 3092 994 3147 tamen
1029 3072 1096 3147 fuit

82 3170 257 3268 perpetub
274 3193 416 3266 pauper,
448 3172 534 3245 crim
551 3169 735 3244 ditissimus
752 3197 826 3245 esse
847 3189 973 3270 posset.
1022 3171 1095 3244 Hic

82 3270 175 3342 crim
205 3293 225 3340 a
250 3293 333 3368 rege
359 3270 519 3366 Philippo
545 3293 689 3341 munera
706 3294 842 3367 magnae
872 3269 1027 3365 pecuniae
1043 3293 1098 3340 re·

83 3367 259 3466 pudiaret,
289 3365 461 3466 legatique
488 3369 708 3440 hortarentur
736 3367 901 3462 accipere,
927 3363 1099 3460 simulque
