<?xml version="1.0" encoding="UTF-8"?>
<!DOCTYPE html PUBLIC "-//W3C//DTD XHTML 1.0 Transitional//EN"
    "http://www.w3.org/TR/xhtml1/DTD/xhtml1-transitional.dtd">
<html xmlns="http://www.w3.org/1999/xhtml" xml:lang="en" lang="en">
 <head>
  <title>
</title>
<meta http-equiv="Content-Type" content="text/html;charset=utf-8" />
  <meta name='ocr-system' content='tesseract 3.04.00' />
  <meta name='ocr-capabilities' content='ocr_page ocr_carea ocr_par ocr_line ocrx_word'/>
</head>
<body>
  <div class='ocr_page' id='page_1' title='image "./delectussentent04valpgoog_0067.png"; bbox 0 0 2292 3725; ppageno 0'>
   <div class='ocr_carea' id='block_1_1' title="bbox 491 143 606 260">
    <p class='ocr_par' dir='ltr' id='par_1_1' title="bbox 491 143 606 260">
     <span class='ocr_line' id='line_1_1' title="bbox 491 143 606 260; baseline 0.026 -3"><span class='ocrx_word' id='word_1_1' title='bbox 491 143 606 260; x_wconf 70' lang='lat' dir='ltr'>&#39;oa</span> 
     </span>
    </p>
   </div>
   <div class='ocr_carea' id='block_1_2' title="bbox 70 354 1080 608">
    <p class='ocr_par' dir='ltr' id='par_1_2' title="bbox 70 354 1080 559">
     <span class='ocr_line' id='line_1_2' title="bbox 125 354 1080 516; baseline -0.012 -57"><span class='ocrx_word' id='word_1_2' title='bbox 125 354 274 459; x_wconf 74' lang='lat' dir='ltr'>Diuitias</span> <span class='ocrx_word' id='word_1_3' title='bbox 287 397 520 469; x_wconf 81' lang='lat' dir='ltr'>contemnere,</span> <span class='ocrx_word' id='word_1_4' title='bbox 540 396 576 455; x_wconf 88' lang='lat' dir='ltr'>et</span> <span class='ocrx_word' id='word_1_5' title='bbox 595 374 661 480; x_wconf 85' lang='lat' dir='ltr'>pro</span> <span class='ocrx_word' id='word_1_6' title='bbox 683 373 793 475; x_wconf 81' lang='lat' dir='ltr'>nihilo</span> <span class='ocrx_word' id='word_1_7' title='bbox 809 378 948 516; x_wconf 84' lang='lat' dir='ltr'>ducere,</span> <span class='ocrx_word' id='word_1_8' title='bbox 963 376 1080 478; x_wconf 82' lang='lat' dir='ltr'>magni</span> 
     </span>
     <span class='ocr_line' id='line_1_3' title="bbox 70 478 453 608; baseline -0.011 -49"><span class='ocrx_word' id='word_1_9' title='bbox 70 482 182 559; x_wconf 76' lang='lat' dir='ltr'>animi</span> <span class='ocrx_word' id='word_1_10' title='bbox 198 500 234 557; x_wconf 91' lang='lat' dir='ltr'>et</span> <span class='ocrx_word' id='word_1_11' title='bbox 248 478 374 556; x_wconf 83' lang='lat' dir='ltr'>excelei</span> <span class='ocrx_word' id='word_1_12' title='bbox 390 496 453 608; x_wconf 76' lang='lat' dir='ltr'>em.</span> 
     </span>
    </p>
   </div>
   <div class='ocr_carea' id='block_1_3' title="bbox 73 682 960 898">
    <p class='ocr_par' dir='ltr' id='par_1_3' title="bbox 73 682 960 887">
     <span class='ocr_line' id='line_1_4' title="bbox 73 682 960 783; baseline -0.009 -18"><span class='ocrx_word' id='word_1_13' title='bbox 73 688 292 783; x_wconf 82' lang='lat' dir='ltr'>Pendentem</span> <span class='ocrx_word' id='word_1_14' title='bbox 308 682 446 761; x_wconf 74' lang='lat' dir='ltr'>summa</span> <span class='ocrx_word' id='word_1_15' title='bbox 462 708 622 782; x_wconf 79' lang='lat' dir='ltr'>capream</span> <span class='ocrx_word' id='word_1_16' title='bbox 638 684 683 758; x_wconf 89' lang='lat' dir='ltr'>de</span> <span class='ocrx_word' id='word_1_17' title='bbox 699 708 788 783; x_wconf 87' lang='lat' dir='ltr'>rupe</span> <span class='ocrx_word' id='word_1_18' title='bbox 802 682 960 777; x_wconf 77' lang='lat' dir='ltr'>ridebia3</span> 
     </span>
     <span class='ocr_line' id='line_1_5' title="bbox 130 784 945 898; baseline -0.018 -34"><span class='ocrx_word' id='word_1_19' title='bbox 130 788 300 863; x_wconf 86' lang='lat' dir='ltr'>Casuram</span> <span class='ocrx_word' id='word_1_20' title='bbox 316 810 440 886; x_wconf 57' lang='lat' dir='ltr'>opererx</span> <span class='ocrx_word' id='word_1_21' title='bbox 462 785 588 881; x_wconf 88' lang='lat' dir='ltr'><strong>decipit</strong></span> <span class='ocrx_word' id='word_1_22' title='bbox 602 784 660 857; x_wconf 84' lang='lat' dir='ltr'>illa</span> <span class='ocrx_word' id='word_1_23' title='bbox 676 808 792 898; x_wconf 77' lang='lat' dir='ltr'>muer,</span> <span class='ocrx_word' id='word_1_24' title='bbox 811 817 814 822; x_wconf 90' lang='lat'><em>·</em></span> <span class='ocrx_word' id='word_1_25' title='bbox 869 881 874 887; x_wconf 49' lang='lat'>‚</span> <span class='ocrx_word' id='word_1_26' title='bbox 942 851 945 858; x_wconf 83' lang='grc'><em>,</em></span> 
     </span>
    </p>
   </div>
   <div class='ocr_carea' id='block_1_4' title="bbox 43 996 1084 1215">
    <p class='ocr_par' dir='ltr' id='par_1_4' title="bbox 43 996 1084 1200">
     <span class='ocr_line' id='line_1_6' title="bbox 43 996 1084 1117; baseline 0.002 -44"><span class='ocrx_word' id='word_1_27' title='bbox 43 1068 46 1073; x_wconf 89' lang='grc'>.</span> <span class='ocrx_word' id='word_1_28' title='bbox 130 1000 345 1092; x_wconf 79' lang='lat' dir='ltr'>Alexander,</span> <span class='ocrx_word' id='word_1_29' title='bbox 365 999 456 1074; x_wconf 85' lang='lat' dir='ltr'>victo</span> <span class='ocrx_word' id='word_1_30' title='bbox 481 1000 573 1097; x_wconf 87' lang='lat' dir='ltr'>apud</span> <span class='ocrx_word' id='word_1_31' title='bbox 600 1000 711 1073; x_wconf 83' lang='lat' dir='ltr'>Issum</span> <span class='ocrx_word' id='word_1_32' title='bbox 734 996 857 1087; x_wconf 81' lang='lat' dir='ltr'>Dario,</span> <span class='ocrx_word' id='word_1_33' title='bbox 874 999 919 1073; x_wconf 86' lang='lat' dir='ltr'>ad</span> <span class='ocrx_word' id='word_1_34' title='bbox 937 1016 1084 1117; x_wconf 75' lang='lat' dir='ltr'>mtrem</span> 
     </span>
     <span class='ocr_line' id='line_1_7' title="bbox 76 1096 1084 1215; baseline -0.005 -40"><span class='ocrx_word' id='word_1_35' title='bbox 76 1102 337 1215; x_wconf 80' lang='lat' dir='ltr'>conjugemque</span> <span class='ocrx_word' id='word_1_36' title='bbox 362 1101 436 1197; x_wconf 87' lang='lat' dir='ltr'>eJ&#39;us</span> <span class='ocrx_word' id='word_1_37' title='bbox 469 1098 634 1195; x_wconf 80' lang='lat' dir='ltr'>praemisit</span> <span class='ocrx_word' id='word_1_38' title='bbox 663 1096 833 1196; x_wconf 76' lang='lat' dir='ltr'>quosdam</span> <span class='ocrx_word' id='word_1_39' title='bbox 861 1124 882 1173; x_wconf 89' lang='lat' dir='ltr'>e</span> <span class='ocrx_word' id='word_1_40' title='bbox 910 1099 993 1187; x_wconf 78' lang='lat' dir='ltr'>auia,</span> <span class='ocrx_word' id='word_1_41' title='bbox 1022 1098 1084 1195; x_wconf 86' lang='lat' dir='ltr'>qui</span> 
     </span>
    </p>
   </div>
   <div class='ocr_carea' id='block_1_5' title="bbox 64 1198 1125 2087">
    <p class='ocr_par' dir='ltr' id='par_1_5' title="bbox 77 1198 1125 1888">
     <span class='ocr_line' id='line_1_8' title="bbox 77 1198 1086 1313; baseline -0.004 -39"><span class='ocrx_word' id='word_1_42' title='bbox 77 1200 285 1274; x_wconf 85' lang='lat' dir='ltr'>nunciarent</span> <span class='ocrx_word' id='word_1_43' title='bbox 301 1198 415 1293; x_wconf 88' lang='lat' dir='ltr'>ipsum</span> <span class='ocrx_word' id='word_1_44' title='bbox 445 1198 563 1269; x_wconf 84' lang='lat' dir='ltr'>venire</span> <span class='ocrx_word' id='word_1_45' title='bbox 591 1198 712 1269; x_wconf 83' lang='lat' dir='ltr'>adeas</span> <span class='ocrx_word' id='word_1_46' title='bbox 726 1198 903 1290; x_wconf 78' lang='lat' dir='ltr'>uisendas.</span> <span class='ocrx_word' id='word_1_47' title='bbox 930 1221 1086 1313; x_wconf 83' lang='lat' dir='ltr'>moxque</span> 
     </span>
     <span class='ocr_line' id='line_1_9' title="bbox 77 1293 1125 1412; baseline 0.001 -43"><span class='ocrx_word' id='word_1_48' title='bbox 77 1322 202 1373; x_wconf 84' lang='lat' dir='ltr'>earum</span> <span class='ocrx_word' id='word_1_49' title='bbox 234 1293 538 1370; x_wconf 86' lang='lat' dir='ltr'>tabernaculum</span> <span class='ocrx_word' id='word_1_50' title='bbox 528 1294 663 1367; x_wconf 80' lang='lat' dir='ltr'>intravit</span> <span class='ocrx_word' id='word_1_51' title='bbox 697 1322 779 1368; x_wconf 90' lang='lat' dir='ltr'>curn</span> <span class='ocrx_word' id='word_1_52' title='bbox 807 1295 1086 1412; x_wconf 75' lang='lat' dir='ltr'>Hephaestione.</span> <span class='ocrx_word' id='word_1_53' title='bbox 1120 1366 1125 1377; x_wconf 84' lang='grc'><strong>,</strong></span> 
     </span>
     <span class='ocr_line' id='line_1_10' title="bbox 80 1393 1087 1491; baseline -0.003 -21"><span class='ocrx_word' id='word_1_54' title='bbox 80 1398 117 1470; x_wconf 88' lang='lat' dir='ltr'>Is</span> <span class='ocrx_word' id='word_1_55' title='bbox 149 1393 307 1469; x_wconf 88' lang='lat' dir='ltr'>onmium</span> <span class='ocrx_word' id='word_1_56' title='bbox 341 1396 533 1467; x_wconf 86' lang='lat' dir='ltr'>amicorum</span> <span class='ocrx_word' id='word_1_57' title='bbox 572 1394 765 1467; x_wconf 82' lang='lat' dir='ltr'>carissimus</span> <span class='ocrx_word' id='word_1_58' title='bbox 799 1412 871 1472; x_wconf 88' lang='lat' dir='ltr'>erat</span> <span class='ocrx_word' id='word_1_59' title='bbox 903 1393 992 1491; x_wconf 82' lang='lat' dir='ltr'>regi,</span> <span class='ocrx_word' id='word_1_60' title='bbox 1024 1394 1087 1467; x_wconf 78' lang='lat' dir='ltr'>aed</span> 
     </span>
     <span class='ocr_line' id='line_1_11' title="bbox 81 1491 1081 1592; baseline -0.004 -24"><span class='ocrx_word' id='word_1_61' title='bbox 81 1495 239 1592; x_wconf 86' lang='lat' dir='ltr'>corporis</span> <span class='ocrx_word' id='word_1_62' title='bbox 271 1492 390 1565; x_wconf 88' lang='lat' dir='ltr'>habitu</span> <span class='ocrx_word' id='word_1_63' title='bbox 424 1493 617 1589; x_wconf 77' lang='lat' dir='ltr'>praestabat.</span> <span class='ocrx_word' id='word_1_64' title='bbox 687 1492 786 1591; x_wconf 74' lang='lat' dir='ltr'>Ergo</span> <span class='ocrx_word' id='word_1_65' title='bbox 819 1492 961 1592; x_wconf 75' lang='lat' dir='ltr'>regina,</span> <span class='ocrx_word' id='word_1_66' title='bbox 988 1491 1081 1578; x_wconf 76' lang='lat' dir='ltr'>illum</span> 
     </span>
     <span class='ocr_line' id='line_1_12' title="bbox 81 1592 1073 1693; baseline -0.002 -26"><span class='ocrx_word' id='word_1_67' title='bbox 81 1618 204 1693; x_wconf 83' lang='lat' dir='ltr'>regem</span> <span class='ocrx_word' id='word_1_68' title='bbox 230 1614 304 1663; x_wconf 84' lang='lat' dir='ltr'>esse</span> <span class='ocrx_word' id='word_1_69' title='bbox 331 1610 428 1678; x_wconf 85' lang='lat' dir='ltr'>ratae,</span> <span class='ocrx_word' id='word_1_70' title='bbox 454 1592 638 1666; x_wconf 86' lang='lat' dir='ltr'>Persarum</span> <span class='ocrx_word' id='word_1_71' title='bbox 667 1617 765 1664; x_wconf 88' lang='lat' dir='ltr'>more</span> <span class='ocrx_word' id='word_1_72' title='bbox 797 1610 967 1665; x_wconf 83' lang='lat' dir='ltr'>veneratae</span> <span class='ocrx_word' id='word_1_73' title='bbox 994 1610 1073 1666; x_wconf 79' lang='lat' dir='ltr'>sunt</span> 
     </span>
     <span class='ocr_line' id='line_1_13' title="bbox 82 1688 1066 1788; baseline -0.003 -23"><span class='ocrx_word' id='word_1_74' title='bbox 82 1694 185 1785; x_wconf 87' lang='lat' dir='ltr'>inde,</span> <span class='ocrx_word' id='word_1_75' title='bbox 211 1691 340 1764; x_wconf 88' lang='lat' dir='ltr'>erroris</span> <span class='ocrx_word' id='word_1_76' title='bbox 367 1688 554 1775; x_wconf 86' lang='lat' dir='ltr'>admonita,</span> <span class='ocrx_word' id='word_1_77' title='bbox 586 1690 809 1788; x_wconf 82' lang='lat' dir='ltr'>Susigambis,</span> <span class='ocrx_word' id='word_1_78' title='bbox 837 1691 937 1765; x_wconf 85' lang='lat' dir='ltr'>Darii</span> <span class='ocrx_word' id='word_1_79' title='bbox 963 1707 1066 1766; x_wconf 85' lang='lat' dir='ltr'>mater</span> 
     </span>
     <span class='ocr_line' id='line_1_14' title="bbox 83 1788 1086 1911; baseline -0.008 -46"><span class='ocrx_word' id='word_1_80' title='bbox 83 1790 248 1866; x_wconf 85' lang='lat' dir='ltr'>advoluta</span> <span class='ocrx_word' id='word_1_81' title='bbox 290 1806 341 1864; x_wconf 88' lang='lat' dir='ltr'>est</span> <span class='ocrx_word' id='word_1_82' title='bbox 393 1788 538 1887; x_wconf 86' lang='lat' dir='ltr'>pedibus</span> <span class='ocrx_word' id='word_1_83' title='bbox 590 1788 794 1875; x_wconf 83' lang='lat' dir='ltr'>Alexandri,</span> <span class='ocrx_word' id='word_1_84' title='bbox 837 1788 1086 1911; x_wconf 77' lang='lat' dir='ltr'>ignoratione</span> 
     </span>
    </p>

    <p class='ocr_par' dir='ltr' id='par_1_6' title="bbox 84 1880 1071 1984">
     <span class='ocr_line' id='line_1_15' title="bbox 84 1880 1071 1984; baseline -0.002 -20"><span class='ocrx_word' id='word_1_85' title='bbox 84 1913 268 1964; x_wconf 81' lang='lat' dir='ltr'>excusans.</span> <span class='ocrx_word' id='word_1_86' title='bbox 320 1889 438 1984; x_wconf 80' lang='lat' dir='ltr'>Quam</span> <span class='ocrx_word' id='word_1_87' title='bbox 454 1887 511 1960; x_wconf 91' lang='lat' dir='ltr'>ille</span> <span class='ocrx_word' id='word_1_88' title='bbox 536 1911 641 1960; x_wconf 87' lang='lat' dir='ltr'>manu</span> <span class='ocrx_word' id='word_1_89' title='bbox 654 1880 827 1960; x_wconf 81' lang='lat' dir='ltr'>allevans:</span> <span class='ocrx_word' id='word_1_90' title='bbox 853 1888 938 1962; x_wconf 90' lang='lat' dir='ltr'>Non</span> <span class='ocrx_word' id='word_1_91' title='bbox 955 1886 1071 1962; x_wconf 72' lang='lat' dir='ltr'>eruis</span> 
     </span>
    </p>

    <p class='ocr_par' dir='ltr' id='par_1_7' title="bbox 64 1985 870 2087">
     <span class='ocr_line' id='line_1_16' title="bbox 64 1985 870 2087; baseline -0.002 -25"><span class='ocrx_word' id='word_1_92' title='bbox 64 1990 211 2104; x_wconf 82' lang='lat' dir='ltr'>inquit,</span> <span class='ocrx_word' id='word_1_93' title='bbox 222 2003 352 2074; x_wconf 83' lang='lat' dir='ltr'>mater,</span> <span class='ocrx_word' id='word_1_94' title='bbox 365 2001 448 2063; x_wconf 83' lang='lat' dir='ltr'>narn</span> <span class='ocrx_word' id='word_1_95' title='bbox 465 1999 499 2060; x_wconf 89' lang='lat' dir='ltr'>et</span> <span class='ocrx_word' id='word_1_96' title='bbox 516 1985 572 2058; x_wconf 81' lang='lat' dir='ltr'>laic</span> <span class='ocrx_word' id='word_1_97' title='bbox 589 1985 792 2061; x_wconf 80' lang='lat' dir='ltr'>Alexander</span> <span class='ocrx_word' id='word_1_98' title='bbox 807 2003 870 2060; x_wconf 81' lang='lat' dir='ltr'>eet.</span> 
     </span>
    </p>
   </div>
   <div class='ocr_carea' id='block_1_6' title="bbox 85 2183 1054 2386">
    <p class='ocr_par' dir='ltr' id='par_1_8' title="bbox 85 2183 1054 2382">
     <span class='ocr_line' id='line_1_17' title="bbox 237 2183 1054 2274; baseline -0.009 -14"><span class='ocrx_word' id='word_1_99' title='bbox 237 2185 307 2260; x_wconf 87' lang='lat' dir='ltr'>Hic</span> <span class='ocrx_word' id='word_1_100' title='bbox 322 2207 445 2258; x_wconf 80' lang='lat' dir='ltr'>murus</span> <span class='ocrx_word' id='word_1_101' title='bbox 461 2183 613 2257; x_wconf 85' lang='lat' dir='ltr'>aheneus</span> <span class='ocrx_word' id='word_1_102' title='bbox 629 2201 717 2274; x_wconf 80' lang='lat' dir='ltr'>esto,</span> <span class='ocrx_word' id='word_1_103' title='bbox 1051 2254 1054 2262; x_wconf 14' lang='lat' dir='ltr'>A</span> 
     </span>
     <span class='ocr_line' id='line_1_18' title="bbox 85 2281 951 2386; baseline -0.008 -26"><span class='ocrx_word' id='word_1_104' title='bbox 85 2285 151 2360; x_wconf 86' lang='lat' dir='ltr'>Nil</span> <span class='ocrx_word' id='word_1_105' title='bbox 167 2285 322 2386; x_wconf 75' lang='lat' dir='ltr'>romairo</span> <span class='ocrx_word' id='word_1_106' title='bbox 338 2285 415 2373; x_wconf 86' lang='lat' dir='ltr'>sibi,</span> <span class='ocrx_word' id='word_1_107' title='bbox 428 2281 525 2358; x_wconf 83' lang='lat' dir='ltr'>nulla</span> <span class='ocrx_word' id='word_1_108' title='bbox 542 2283 729 2382; x_wconf 74' lang='lat' dir='ltr'>pallescere</span> <span class='ocrx_word' id='word_1_109' title='bbox 739 2281 856 2380; x_wconf 70' lang='lat' dir='ltr'>culpi</span> <span class='ocrx_word' id='word_1_110' title='bbox 945 2295 951 2305; x_wconf 80' lang='grc'><em>’</em></span> 
     </span>
    </p>
   </div>
   <div class='ocr_carea' id='block_1_7' title="bbox 87 2431 1048 3086">
    <p class='ocr_par' dir='ltr' id='par_1_9' title="bbox 87 2431 1037 3084">
     <span class='ocr_line' id='line_1_19' title="bbox 141 2431 1017 2587; baseline -0.012 -19"><span class='ocrx_word' id='word_1_111' title='bbox 141 2489 241 2568; x_wconf 79' lang='lat' dir='ltr'>cum</span> <span class='ocrx_word' id='word_1_112' title='bbox 270 2488 414 2564; x_wconf 83' lang='lat' dir='ltr'>Publius</span> <span class='ocrx_word' id='word_1_113' title='bbox 444 2488 597 2562; x_wconf 82' lang='lat' dir='ltr'>Rutilius</span> <span class='ocrx_word' id='word_1_114' title='bbox 631 2485 750 2562; x_wconf 68' lang='lat' dir='ltr'>Rufus</span> <span class='ocrx_word' id='word_1_115' title='bbox 779 2486 880 2560; x_wconf 86' lang='lat' dir='ltr'>amici</span> <span class='ocrx_word' id='word_1_116' title='bbox 909 2431 1017 2587; x_wconf 72' lang='lat' dir='ltr'>majus</span> 
     </span>
     <span class='ocr_line' id='line_1_20' title="bbox 87 2585 1048 2708; baseline -0.006 -43"><span class='ocrx_word' id='word_1_117' title='bbox 87 2593 226 2708; x_wconf 66' lang='lat' dir='ltr'>injthtae</span> <span class='ocrx_word' id='word_1_118' title='bbox 246 2587 423 2704; x_wconf 82' lang='lat' dir='ltr'>rogationi</span> <span class='ocrx_word' id='word_1_119' title='bbox 449 2585 633 2676; x_wconf 81' lang='lat' dir='ltr'>resisteret,</span> <span class='ocrx_word' id='word_1_120' title='bbox 650 2604 754 2684; x_wconf 84' lang='lat' dir='ltr'>atque</span> <span class='ocrx_word' id='word_1_121' title='bbox 777 2587 806 2659; x_wconf 83' lang='lat' dir='ltr'>is</span> <span class='ocrx_word' id='word_1_122' title='bbox 830 2611 920 2683; x_wconf 89' lang='lat' dir='ltr'>per</span> <span class='ocrx_word' id='word_1_123' title='bbox 917 2606 1048 2661; x_wconf 82' lang='lat' dir='ltr'>sunr..</span> 
     </span>
     <span class='ocr_line' id='line_1_21' title="bbox 88 2685 1037 2902; baseline -0.006 -39"><span class='ocrx_word' id='word_1_124' title='bbox 88 2687 361 2870; x_wconf 68' lang='lat' dir='ltr'>aaron</span> <span class='ocrx_word' id='word_1_125' title='bbox 381 2685 553 2902; x_wconf 59' lang='lat' dir='ltr'>aaa</span> <span class='ocrx_word' id='word_1_126' title='bbox 592 2686 694 2901; x_wconf 72' lang='lat' dir='ltr'>nt</span> <span class='ocrx_word' id='word_1_127' title='bbox 706 2685 944 2859; x_wconf 73' lang='lat' dir='ltr'>a</span> <span class='ocrx_word' id='word_1_128' title='bbox 1033 2826 1037 2832; x_wconf 92' lang='lat'><strong><em>.</em></strong></span> 
     </span>
     <span class='ocr_line' id='line_1_22' title="bbox 90 2843 1020 3002; baseline -0.007 -41"><span class='ocrx_word' id='word_1_129' title='bbox 90 2883 269 3002; x_wconf 80' lang='lat' dir='ltr'>mpondit</span> <span class='ocrx_word' id='word_1_130' title='bbox 296 2881 461 2969; x_wconf 86' lang='lat' dir='ltr'>Rutilius,</span> <span class='ocrx_word' id='word_1_131' title='bbox 493 2883 579 2982; x_wconf 93' lang='lat' dir='ltr'>quid</span> <span class='ocrx_word' id='word_1_132' title='bbox 609 2884 693 2956; x_wconf 86' lang='lat' dir='ltr'>milri</span> <span class='ocrx_word' id='word_1_133' title='bbox 721 2883 794 2969; x_wconf 87' lang='lat' dir='ltr'>tua,</span> <span class='ocrx_word' id='word_1_134' title='bbox 828 2883 857 2955; x_wconf 81' lang='lat' dir='ltr'>si</span> <span class='ocrx_word' id='word_1_135' title='bbox 887 2843 1020 2986; x_wconf 74' lang='lat' dir='ltr'>propt</span> 
     </span>
     <span class='ocr_line' id='line_1_23' title="bbox 91 2980 762 3086; baseline -0.004 -29"><span class='ocrx_word' id='word_1_136' title='bbox 91 2983 221 3084; x_wconf 73' lang='lat' dir='ltr'>adquid</span> <span class='ocrx_word' id='word_1_137' title='bbox 238 2981 362 3083; x_wconf 64' lang='lat' dir='ltr'>injuste</span> <span class='ocrx_word' id='word_1_138' title='bbox 378 2981 492 3056; x_wconf 83' lang='lat' dir='ltr'>facere</span> <span class='ocrx_word' id='word_1_139' title='bbox 508 2995 564 3057; x_wconf 88' lang='lat' dir='ltr'>me</span> <span class='ocrx_word' id='word_1_140' title='bbox 581 2980 762 3086; x_wconf 75' lang='lat' dir='ltr'>oporteat?</span> 
     </span>
    </p>
   </div>
   <div class='ocr_carea' id='block_1_8' title="bbox 91 3113 1049 3364">
    <p class='ocr_par' dir='ltr' id='par_1_10' title="bbox 91 3113 1049 3364">
     <span class='ocr_line' id='line_1_24' title="bbox 91 3113 943 3264; baseline -0.007 -20"><span class='ocrx_word' id='word_1_141' title='bbox 91 3171 241 3244; x_wconf 83' lang='lat' dir='ltr'>Summa</span> <span class='ocrx_word' id='word_1_142' title='bbox 256 3164 340 3264; x_wconf 85' lang='lat' dir='ltr'>perir</span> <span class='ocrx_word' id='word_1_143' title='bbox 356 3113 465 3237; x_wconf 71' lang='lat' dir='ltr'>liuor:</span> <span class='ocrx_word' id='word_1_144' title='bbox 492 3163 637 3262; x_wconf 82' lang='lat' dir='ltr'>perflant</span> <span class='ocrx_word' id='word_1_145' title='bbox 652 3163 813 3238; x_wconf 77' lang='lat' dir='ltr'>altissima</span> <span class='ocrx_word' id='word_1_146' title='bbox 827 3164 943 3256; x_wconf 80' lang='lat' dir='ltr'>renti,</span> 
     </span>
     <span class='ocr_line' id='line_1_25' title="bbox 144 3259 1049 3364; baseline -0.01 -22"><span class='ocrx_word' id='word_1_147' title='bbox 144 3268 292 3344; x_wconf 84' lang='lat' dir='ltr'>Summa</span> <span class='ocrx_word' id='word_1_148' title='bbox 309 3279 431 3364; x_wconf 84' lang='lat' dir='ltr'>petunt</span> <span class='ocrx_word' id='word_1_149' title='bbox 446 3261 572 3338; x_wconf 69' lang='lat' dir='ltr'>dextri</span> <span class='ocrx_word' id='word_1_150' title='bbox 586 3261 733 3340; x_wconf 73' lang='lat' dir='ltr'>fulmina</span> <span class='ocrx_word' id='word_1_151' title='bbox 749 3264 850 3340; x_wconf 77' lang='lat' dir='ltr'>missa</span> <span class='ocrx_word' id='word_1_152' title='bbox 863 3259 959 3342; x_wconf 72' lang='lat' dir='ltr'>roua</span> <span class='ocrx_word' id='word_1_153' title='bbox 1047 3274 1049 3279; x_wconf 88' lang='grc'><strong><em>·</em></strong></span> 
     </span>
    </p>
   </div>
   <div class='ocr_carea' id='block_1_9' title="bbox 0 0 1173 3725">
    <p class='ocr_par' dir='ltr' id='par_1_11' title="bbox 0 0 1173 3725">
     <span class='ocr_line' id='line_1_26' title="bbox 0 0 1173 3725; baseline 0 0"><span class='ocrx_word' id='word_1_154' title='bbox 0 0 1173 3725; x_wconf 95' lang='lat' dir='ltr'> </span> 
     </span>
    </p>
   </div>
  </div>
 </body>
</html>
