2292 3725
375 62 610 197 “60-

24 303 209 389 Nullum
240 325 381 396 munus,
408 303 623 401 Reipublicae
647 302 771 398 afferre
794 277 1004 404 majus,me

10 380 118 478 liusve
134 429 327 500 possumus,
348 429 455 502 quam
478 406 506 479 si
533 405 718 501 doceamus
722 422 850 503 atque
881 405 1022 513 erudia-

9 528 88 576 mus
100 506 328 613 juventutem.

11 675 117 750 Thais
133 677 285 751 habet
252 701 380 773 nigros,
398 677 516 751 ιιίιεόε
534 675 693 763 Lecania,
710 676 839 749 dentes
911 750 915 757 ,

60 778 151 870 Quae
169 776 254 849 ratio
272 794 345 849 est
338 775 350 829 Ρ
376 795 487 849 erutos
504 776 579 848 haec
598 776 710 860 habet,
730 775 788 845 illa
803 798 896 847 suos.

57 918 160 1019 Tunc
198 948 326 1063 erimps
367 949 472 1035 beati,
513 951 610 1037 crim,
636 948 841 1047 corporibus
876 947 1017 1033 relictis,

9 1045 240 1185 cupiditatum
249 1046 377 1122 erimus
394 1064 563 1144 expertes.

8 1218 91 1289 Este
109 1178 242 1315 premi,
262 1220 299 1293 lit
286 1238 347 1306 tes,
366 1193 400 1293 et
417 1244 542 1293 arnerae
560 1221 678 1317 praelia
694 1201 845 1317 linguae:

56 1318 230 1391 Dul'cibus
247 1338 297 1391 est
315 1320 427 1393 verbis
445 1320 558 1392 mollis
576 1321 718 1391 alendus
734 1344 842 1391 amor.

60 1518 107 1610 Ω.
143 1515 377 1601 Cincinnatus
421 1518 549 1589 obsessi
594 1516 756 1589 Consulis
782 1534 816 1589 et
841 1512 1023 1589 exercitiis

9 1614 181 1700 liberator,
201 1617 243 1687 ab
256 1632 369 1688 aratro
386 1633 526 1689 vocatus
543 1617 587 1688 ad
604 1616 819 1687 Dictaturam
836 1615 939 1688 veuit

455 1810 565 1883 Non
556 1835 592 1882 ιιι
609 1835 688 1883 caro
707 1810 828 1883 nidore
856 1809 1021 1905 voluptas

11 1881 164 2082 puppup,
184 1909 297 1984 sedin
308 1909 422 2007 “teipso
436 1928 510 1984 est:
538 1928 577 1984 tu
606 1909 832 2005 pulmentaria
848 1933 966 2006 quaere

39 2035 59 2080 u
86 2033 187 2080 ano.

60 2204 135 2278 Nisi
165 2163 338 2280 Deust
296 2224 361 2278 isto
390 2223 424 2278 te
441 2166 587 2304 corpore
605 2192 809 2291 liberaverit,
824 2206 868 2278 ad
885 2183 1034 2312 τιιιίιιῐιιΙ

11 2301 73 2378 tibi
88 2306 158 2380 adit
145 2323 199 2394 tus
216 2323 331 2407 patere
348 2330 419 2378 nun
432 2323 556 2402 potest.
775 2325 779 2332 '

12 2501 158 2597 Semper
174 2501 239 2574 eris
256 2487 398 2596 pauper,
416 2501 443 2572 si
460 2525 590 2597 pauper
603 2526 652 2588 eu,
665 2498 875 2572 AErniliane:

62 2600 201 2684 Dantur
218 2625 300 2696 opes
316 2600 403 2672 nulli
419 2623 524 2684 nunc,
543 2599 606 2690 nisi
624 2600 794 2684 divitibus.

62 2790 103 2862 Ιιι
132 2811 222 2861 nuce
259 2770 389 2860 inclusa
426 2781 477 2863 est
514 2787 604 2878 Ilias,
629 2791 776 2860 Homerr
801 2807 953 2873 carmen,
980 2785 1020 2860 in

12 2886 215 2990 membrani
230 2885 434 2998 scriptum.¹

11 3093 104 3164 Nam
121 3069 224 3190 grave
238 3091 321 3187 quid
339 3092 480 3208 prodest
496 3093 633 3190 pondus
650 3093 734 3167 mihi
750 3091 861 3166 divitis
877 3090 976 3167 auri?

62 3189 269 3285 Arvaque
244 3215 272 3264 ει
289 3191 465 3266 findant
431 3193 572 3294 pinguia
588 3192 681 3265 niue
696 3181 845 3291 greges?
926 3215 929 3222 ·
