2292 3725
366 183 631 270 ·‘33

294 402 297 409 '
408 468 409 477 χ
451 394 544 467 Intu'r
560 393 699 466 nitentia
716 394 815 490 culta

93 488 226 565 Infelix
245 491 378 595 lolium«,
396 510 429 565 et
448 493 578 566 steriles
596 492 819 565 'dominantur
833 514 962 565 avenae.

150 685 213 760 Ille
242 688 390 761 honorat
416 688 536 759 Deum
562 687 719 784 optimis,¹
738 688 799 785 qui
833 687 915 762 facit
956 672 1107 760 mentein

81 810 200 859 ,suam
215 787 361 859 similem
378 790 467 871 Deo,
487 808 657 884 quantum
674 789 746 859 fieri
761 805 882 884 potest.

97 982 198 1057 Dicit
185 999 230 1072 te,
249 978 355 1079 quam
374 1006 478 1079 parvo
496 976 594 1055 liceat
607 981 850 1081 producere
819 1002 935 1069 utam,
1038 1037 1042 1045 .

100 1080 151 1155 Et
170 1100 337 1179 quantum
355 1096 475 1154 natura
494 1097 651 1177 petat.

154 1252 205 1324 ἔθ’
179 1250 263 1327 irin
264 1250 383 1342 idstes,
425 1253 649 1327 duarumt
616 1263 649 1327 et
680 1249 798 1353 viginti
833 1251 989 1382 gentium
1015 1255 1108 1342 Rex,

97 1352 246 1427 totidem
263 1355 412 1451 linguis
399 1380 477 1453 jura
500 1356 599 1426 dixit

98 1520 295 1600 Nubere
265 1553 314 1597 vrs
330 1528 456 1611 Prisco,
477 1553 548 1597 non
573 1528 691 1614 miror,
710 1528 853 1599 Paulis:
882 1525 1010 1625 sapisti.

153 1626 293 1743 Ducere
311 1644 344 1699 te
361 1651 432 1741 non
449 1627 524 1698 vult
540 1626 700 1699 Priscus:
729 1644 763 1697 et
779 1626 837 1699 ille
852 1630 950 1723 sapit.

139 1822 353 1898 Callicrates
371 1850 414 1896 ex
433 1827 535 1896 ebore
554 1822 727 1912 formicas,
753 1841 787 1896 et
813 1825 877 1896 alia
908 1841 976 1896 tam
1007 1848 1111 1919 parva

100 1921 183 1994 fecit
200 1923 370 2014 animalia,
388 1943 426 1996 ut
451 1943 561 2020 partes
580 1949 735 1997 seturna
764 1924 884 1997 ceteris
914 1925 1007 1997 cerni
1039 1947 1110 1994 non

102 2040 257 2120 possent.
941 2060 944 2064 ⁴

554 2197 654 2289 Saepe
671 2197 818 2291 exiguus
835 2220 914 2266 mus

104 2293 179 2364 Sub
198 2292 295 2364 terris
313 2293 495 2389 posuitque
515 2295 638 2364 domos
642 2312 772 2387 ,atque
789 2295 913 2364 horrea
930 2290 1034 2364 fecit·

101 2395 178 2464 Aut
197 2390 307 2464 oculis
321 2413 408 2486 capti
400 2392 547 2463 i'odtire
566 2394 644 2462 cubi
648 2393 691 2462 lia
694 2392 820 2523 tuipae.

151 2587 331 2677 Exiguum
349 2586 448 2657 nobis
478 2587 564 2668 vitae,
580 2587 791 2658 curriculum
817 2594 940 2659 natura
966 2587 1113 2662 circurn-

101 2685 247 2777 scripsit‚
266 2686 475 2755 immensum
493 2687 624 2781 gloriae.

102 2877 194 2950 Illud
212 2879 374 2956 anricitiae.
385 2898 540 2958 sanctum
559 2905 598 2972 ee
611 2880 803 2950 venerabile
819 2903 948 2952 nornen

19 3049 21 3056 ,
157 2977 213 3046 Re
226 2978 296 3109 jam
316 3004 378 3072 pro
397 2980 453 3048 vili
470 2983 534 3049 sub
552 2979 766 3074 pedibusque
785 2981 886 3074 jacet.

157 3172 231 3242 Itur
249 3172 291 3242 ad
310 3189 376 3243 asti·
380 3195 396 3242 ι
420 3171 623 3271 frugalitate,
644 3171 878 3267 temperantia,
900 3169 1112 3284 fertitudine,

6 3325 11 3334 ‚
103 3268 248 3368 aliisque
265 3271 459 3346 virtutibus
513 3273 721 3346 Mensbona
736 3271 831 3342 nulla
847 3289 900 3342 est
915 3271 985 3340 sine
1002 3269 1093 3336 Deo
