2292 3725
557 188 611 275 72

81 402 248 484 vocatus,
276 393 468 471 numeravit
483 394 645 479 calculos,
678 410 715 467 et
728 393 836 471 sodali
852 416 939 467 suo:
985 390 1089 478 Vide,

81 495 203 594 inquit,
227 518 274 570 ne
293 511 372 593 port
396 511 546 566 mortem
570 516 685 565 meam
715 492 886 567 rrrentiads
905 509 938 567 te
952 490 1090 569 vicisse.

79 598 176 673 Tum
192 617 348 667 annuens
364 592 590 667 Centuriooi:
617 592 742 677 Testis,
759 590 881 690 inquit,
904 592 985 681 eris,
1006 612 1092 677 „uno

80 716 138 773 me
148 693 361 770 antecedere.

83 894 244 969 Oderunt
260 909 404 986 peccare
419 889 503 963 boni
518 890 654 965 virtutis
670 914 791 964 amore
804 918 815 980 ;

80 994 138 1065 Tu
148 990 234 1063 nihil
250 990 408 1061 admittes
419 990 457 1061 in
468 1007 503 1061 te
513 988 704 1065 formidine
719 1014 847 1089 poenae.
932 1038 934 1041 -

98 1160 102 1167 ’
131 1161 432 1261 conquaesitam
450 1180 539 1236 esset
556 1188 602 1235 ex
631 1164 787 1253 Socrate,
816 1184 933 1236 nonne
947 1162 1089 1251 'Arche-

79 1263 185 1352 laum
204 1263 264 1362 qui
288 1279 368 1340 tum
390 1260 678 1335 fortunatissimus
707 1263 910 1350 habebatur,
933 1264 1090 1339 beatum

78 1362 239 1461 putaret?
263 1362 369 1433 Haud
396 1362 479 1457 scio,
513 1360 635 1458 inquit,
657 1386 853 1460 nunquam
879 1361 971 1433 euim
1002 1386 1089 1433 curn

79 1485 122 1532 eo
148 1462 285 1532 locutus
313 1484 402 1557 sum.
454 1459 538 1534 Ain’
566 1459 630 1533 tui
682 1464 743 1533 An
760 1479 797 1532 tu
827 1460 925 1532 aliter
940 1459 976 1533 id
996 1459 1089 1532 scire

78 1577 151 1641 mn
177 1564 306 1654 potes?
328 1558 580 1631 Nullomodo.
632 1560 689 1633 Tu
706 1559 811 1657 igitur
830 1582 874 1631 ne
892 1558 936 1630 de
965 1558 1088 1633 Persa·

78 1680 160 1731 rum
191 1655 332 1752 quidem
361 1681 445 1753 rege
464 1682 603 1753 ¹magno
631 1676 729 1753 potes
757 1658 882 1743 dicere,
918 1659 1087 1730 beatusne

78 1754 142 1829 sit!
169 1759 230 1829 An
246 1779 313 1852 ego
340 1779 494 1849 possum,
521 1757 608 1827 cum
631 1756 799 1855 ignorem,
831 1755 940 1853 quim
968 1757 1012 1829 sit
1029 1756 1087 1826 vir

76 1854 219 1928 bonus?
244 1852 365 1948 Quid?
391 1872 429 1926 tu
446 1854 551 1943 vitam
567 1858 704 1930 beatam
719 1852 754 1928 in
771 1881 814 1930 eo
840 1854 939 1928 sitam
955 1860 1088 1951 putas?
1139 1856 1145 1870 ⁴

77 1954 128 2027 lta
145 1978 286 2049 prorsus
315 1953 488 2041 existimo,
516 1957 630 2026 bonos
656 1957 873 2040 esse-beatos,
903 1954 1086 2050 improbos

76 2050 237 2124 miseros·
255 2050 364 2128 Miser
380 2053 468 2151 ergo
484 2055 705 2126 Archelaus?
742 2051 860 2140 Certi,
872 2052 906 2125 si
923 2053 1086 2152 injustus.

76 2220 200 2299 Infelix
216 2225 322 2311 Dido,
340 2225 428 2296 nulli
443 2229 531 2303 bene
547 2243 657 2324 nupta
670 2225 816 2298 marito:
875 2250 876 2254 ¹

125 2325 207 2400 Hoc
223 2343 388 2432 pereunte
400 2323 514 2423 fugis5
542 2326 610 2398 hoc
627 2323 780 2423 fugiente
797 2324 896 2422 peris.

126 2495 304 2595 Diogenes
331 2515 485 2592 rogatus,
511 2494 815 2591 quemadmodum
845 2495 980 2594 sepeliri
1011 2499 1087 2572 vel..

77 2596 136 2682 iet,
155 2597 275 2692 projici
288 2621 326 2667 se
335 2596 433 2690 jussit
448 2596 678 2665 inhumatum.
705 2597 800 2666 Tum
817 2594 942 2668 amici:
971 2597 1086 2680 Volu-

76 2694 236 2772 tribusne
251 2710 285 2764 et
302 2692 410 2764 feris?
437 2692 584 2764 Minime
602 2692 699 2777 verb,
727 2692 862 2790 inquit:
888 2693 950 2766 sed
976 2695 1086 2769 bacil-
1142 2731 1143 2742 κ

9 2830 23 2836 -
75 2792 163 2892 lum.
193 2810 331 2886 propter
374 2814 440 2874 me,
471 2817 542 2889 quo
579 2791 728 2893 abigam,
770 2792 935 2887 ponitote.
1003 2792 1086 2889 Qui

75 2889 229 2985 poteris?
266 2888 314 2958 illi
347 2888 532 2961 dixerunt:
571 2891 760 2960 nonenim
793 2891 928 2964 senties.
981 2893 1085 2986 Quid

74 2988 180 3089 igitur
196 2988 280 3058 mihi
308 2985 461 3060 ferarum
490 2988 640 3084 laniatus
650 2989 772 3075 oberit,
791 2989 876 3080 nihil
893 2990 1085 3072 sentienti?
1141 3025 1142 3042 2

75 3185 205 3259 Desine
216 3210 280 3260 nee
294 3187 419 3273 Latios,
432 3212 498 3262 nec
513 3187 639 3261 Graios
654 3189 794 3263 volvere
807 3191 912 3264 libros
923 3220 949 3284 ς,
967 3173 972 3188 ‘

125 3283 163 3364 Si
181 3285 257 3396 quis
267 3287 376 3396 multa
392 3286 493 3382 leger,
532 3285 641 3360 multa
653 3286 799 3384 legenda
817 3289 911 3372 sciat,
1032 3367 1035 3374 ,
1140 3369 1141 3378 ¹
