2292 3725
434 75 437 87 '
570 70 637 142 1'01

100 264 161 339 ille
177 262 376 363 perterritus
400 262 516 362 fugit:
543 230 703 339 mortuus
732 266 851 337 'erutus
877 258 952 335 est:
978 284 1101 377 caupo,

100 390 146 437 re
152 363 335 463 patefacta,
351 387 472 461 poenas
487 364 594 437 dedit

100 554 181 627 Hos
197 578 263 651 ego
280 553 492 631 versiculos-¹
517 552 609 645 fec13
637 553 714 628 tulit
726 553 812 628 alter
828 553 1000 627 honores:

153 652 211 725 Sic
228 677 291 724 vos
304 676 377 725 non
393 654 490 732 vobis
506 652 694 739 nidificatis,
714 656 821 743 aves',

152 752 211 825 Sic
224 773 287 823 vos
303 775 375 824 non
387 751 487 825 vobis
503 752 632 825 vellera
647 750 754 839 fertis,
767 775 868 842 ovea,
986 822 989 829 .

154 850 292 925 Sicuos
307 874 380 925 non
395 850 494 925 vobis
509 850 722 938 mellificatis,
741 874 822 948 apes
835 879 847 942 ς
874 874 876 877 ·

154 948 213 1023 stc
225 974 288 1024 vos
303 972 376 1023 non
391 950 495 1030 vobis
505 938 602 1024 fertis
617 968 740 1040 aratra,
756 952 874 1077 boves.

154 1102 299 1229 Publius
315 1153 443 1252 Scipio,
469 1155 530 1253 qui
554 1152 685 1251 primus
706 1150 892 1228 Africanus
890 1152 1106 1277 appellatus

102 1272 172 1343 est,
188 1255 302 1328 dicere
324 1255 479 1327 solebat:
519 1256 713 1352 Nunquam
742 1278 779 1327 se
809 1251 927 1327 minus
956 1252 1108 1326 otiosum

102 1379 192 1439 esse,
220 1376 327 1449 quam
345 1376 430 1425 cum
447 1353 602 1426 otiosus:
629 1376 693 1425 nec
706 1352 972 1440 minussolum,
993 1374 1106 1448 quam

103 1453 194 1526 calm
216 1452 311 1524 solus
337 1470 435 1524 esset.
485 1449 677 1550 Magnifica
698 1476 781 1539 von,
816 1468 854 1534 et
863 1474 1003 1567 magno
1031 1450 1107 1523 viro

102 1569 141 1625 et
163 1550 312 1665 sapiente
328 1550 455 1648 digna:
488 1576 567 1647 quae
593 1550 756 1640 declarat,
783 1548 884 1633 illum
916 1568 949 1623 et
977 1548 1014 1623 in
1036 1548 1108 1623 otio

104 1651 152 1723 de
162 1648 314 1763 negotiis
343 1649 507 1744 cogitare,
537 1667 572 1721 et
597 1648 633 1720 in
654 1648 837 1723 solitudine
859 1670 988 1723 secum
1011 1648 1107 1745 loqui

104 1746 269 1821 solitum:
296 1765 338 1821 ut
360 1772 477 1845 neque
502 1765 648 1851 cessaret
673 1772 842 1847 unquam,
876 1765 909 1821 et
933 1747 1108 1821 interdum

40 1882 53 1893 ·
105 1846 285 1944 colloquio
322 1843 461 1920 alterius
490 1871 562 1921 non
596 1866 751 1947 egeret
779 1848 901 1944 Itaque
931 1846 1011 1922 duae
1039 1871 1107 1935 res,

105 1971 189 2061 quae
216 1947 419 2044 languorem
445 1945 594 2021 afferunt
628 1948 758 2035 ceteris
794 1947 893 2022 illum
928 1947 1106 2038 acuebant,

104 2044 228 2122 otium
236 2062 270 2119 et
286 2045 446 2119 solitudo.

104 2240 192 2334 Dic,
208 2268 283 2341 age,
302 2237 488 2342 frigoribus
504 2269 612 2343 quare
624 2267 735 2320 nouus
748 2243 864 2341 incipit
877 2269 997 2333 annus,

158 2342 234 2440 Qui
249 2342 376 2415 melida
393 2367 456 2440 per
471 2368 533 2416 ver
548 2344 762 2440 incipiendus
778 2343 874 2416 erat?

106 2442 241 2515 Omnia
256 2458 332 2514 tum
344 2438 480 2528 florent,
499 2461 581 2516 tunc
599 2460 649 2515 est
662 2467 751 2514 nova
767 2440 931 2545 temporis
949 2459 1043 2530 aetas,

161 2541 208 2614 Et
223 2564 314 2613 nova
327 2541 370 2613 de
384 2542 526 2638 gravido
539 2540 679 2655 palmite
695 2565 833 2638 gemma
845 2558 966 2615 tumet.

104 2642 155 2716 Et
167 2639 276 2713 modb
294 2636 448 2713 formatis
460 2640 614 2735 operitur
626 2639 806 2714 frondibus
818 2642 944 2731 arbos3

159 2738 279 2812 Prodit
296 2754 330 2809 et
346 2739 393 2810 in
398 2763 577 2812 summum
593 2738 730 2818 seminis
747 2739 854 2813 herba
870 2741 997 2815 solum.

106 2839 158 2912 Et
170 2837 328 2934 'tepidum
344 2837 503 2911 volucres
515 2837 782 2911 concentibus
750 2845 830 2912 ae'ra
842 2839 1008 2931 mulcent,

161 2935 266 3016 Ludit
283 2937 364 3014 etin
380 2935 497 3118 pratis,
514 2937 745 3034 luxuriatque,
765 2930 881 3033 pecus.

273 3167 283 3237 l
306 3163 381 3244 Vide
401 3185 473 3246 pag.
486 3166 534 3224 69.
563 3162 669 3226 'Nocte
681 3163 760 3244 ptuit
772 3165 840 3236 toiri,
855 3165 903 3240 &aa
