2292 3725
556 182 609 264 61

113 390 226 461 Hurae
268 388 409 474 cedunt,
436 403 471 459 et
503 386 587 470 dies,
635 408 768 459 menses
800 404 834 459 et
866 387 957 473 anni,
1004 410 1070 461 nec
1123 400 1128 454 ρ

59 487 284 601 praeteritum·
295 504 430 581 tempus
470 508 635 582 unquam
661 484 855 573 revertitur,
900 510 964 559 nec
981 478 1067 584 quid

59 603 227 688 aequatur
239 585 321 657 sciri
332 600 454 681 potest.

59 766 200 840 Fortior
213 784 275 854 eet,
295 765 416 863 quise,
434 788 540 862 quarn
554 763 614 861 qui
629 755 813 837 fortissima
830 765 935 855 vincit

115 867 248 952 Castra,
276 868 406 939 ducum
420 867 541 949 victur,
560 864 671 936 victor
688 882 721 938 et
737 865 809 961 ipse
826 866 890 939 sui.

116 1038 214 1134 Quid
240 1034 453 1132 praecipuum
481 1034 517 1106 in
540 1036 646 1108 rebus
672 1034 832 1109 humanis
843 1036 929 1110 est?
979 1038 1069 1112 Vitia

59 1137 250 1210 domuisse.
301 1134 380 1207 Hac
408 1133 503 1249 nulla
537 1151 587 1207 est
617 1137 728 1233 major
760 1135 911 1215 uictoria.
961 1136 1068 1214 Multi

58 1252 155 1322 sunt,
175 1261 234 1332 qur
225 1236 369 1320 u'rbes‚
386 1232 445 1329 qui
476 1232 625 1329 populos
641 1232 831 1306 habuere
822 1255 858 1306 ιιι
874 1252 1065 1332 potestate5

58 1334 269 1431 paucissimi
287 1334 345 1431 qui
358 1356 405 1403 se.

57 1507 122 1581 Nil
140 1507 234 1582 dictu
251 1507 431 1582 fredum
399 1532 555 1605 vrsuque
561 1506 637 1580 haec
656 1505 772 1580 limina
787 1524 914 1609 tangat,

57 1608 157 1681 lntra
170 1632 249 1705 quae
266 1632 353 1705 puer
369 1626 435 1681 est.

113 1794 346 1885 Oyulucrer'n
372 1796 567 1873 fortunam!
595 1797 704 1896 quim
721 1799 801 1872 citu-
814 1799 930 1874 ornm'a
945 1824 989 1874 ex
1008 1801 1067 1875 lae·

62 1897 138 1974 titii
156 1915 190 1973 et
206 1898 380 1994 voluptate
407 1899 449 1970 ad
468 1898 609 1988 luctum·
626 1918 661 1974 et
695 1900 862 1996 lacrymas
896 1899 1063 1975 recidunt.
1106 1963 1110 1972 .

56 2096 192 2172 Desine
205 2094 357 2170 defuncti
370 2093 530 2192 lacrymis
549 2119 675 2193 urgere
691 2097 912 2193 sepulcrum
989 2102 993 2107 ’

108 2196 277 2270 Panditur
289 2194 331 2268 ad
345 2193 456 2266 nullas
468 2196 573 2304 janua
586 2195 684 2309 nigra
700 2221 830 2292 preces.
891 2250 894 2257 .

109 2385 243 2481 Capua,
276 2382 475 2478 Campaniae
504 2376 598 2469 urbe,¹
627 2409 740 2498 prona
765 2409 902 2480 semper
926 2387 962 2457 in
986 2386 1067 2458 lux·

54 2483 171 2557 uriam
191 2481 267 2567 fuit,
296 2505 368 2554 ιιοιι
391 2481 531 2562 modi>
523 2484 740 2580 ingeniorum
758 2483 852 2571 vitiu,
875 2487 936 2556 sed
959 2486 1063 2560 etiarn

52 2582 160 2678 copia
138 2579 405 2696 voluptatum,
435 2606 519 2678 quas
536 2580 640 2680 longa
662 2582 872 2679 indulgentia
897 2582 1065 2674 fortuna,

51 2699 92 2754 et
118 2680 186 2754 loci
214 2681 392 2772 amoenitas
408 2681 718 2753 subministrabant.
772 2684 870 2756 Ciun
898 2683 1007 2758 illuc
997 2702 1064 2758 tter

51 2778 209 2852 flexisset
235 2766 419 2882 Hannibal,
446 2777 540 2852 victis
566 2783 611 2849 ad
638 2781 773 2854 Cannas
804 2782 985 2871 Romanis,
1014 2783 1064 2854 ibi

47 2881 230 2978 maiorem
259 2896 391 2976 partem
420 2877 552 2975 hyemis
581 2881 758 2952 subrectis
787 2879 905 2954 habuit
929 2881 1060 2957 exerci-

52 2998 152 3073 turn,
183 2978 346 3050 duratum
376 2977 474 3074 prius
508 2976 676 3054 adversus
709 2980 808 3061 mala,
839 2996 874 3050 et
901 2972 1060 3054 nonduin

53 3095 245 3174 expertum
263 3077 364 3150 bona.
411 3077 548 3190 ltaque,
579 3100 668 3172 quus
689 3076 831 3150 nulla
798 3101 852 3148 vn
874 3080 1004 3150 mali
972 3102 1062 3153 nce·-

51 3194 125 3264 rat,
149 3174 441 3272 perdidereniruia
456 3178 559 3260 bona,
584 3193 619 3245 et
635 3176 826 3272 voluptates
851 3177 1060 3256 inmodice.

7 3351 8 3356 ,
50 3277 212 3351 Somnus
240 3273 346 3364 eninr,
372 3290 406 3354 et
428 3273 569 3360 vinum,
598 3291 635 3346 et
662 3276 786 3371 epulae,
807 3292 846 3344 et
875 3275 985 3352 otium
1012 3275 1060 3344 ita

106 3373 187 3470 Dei.
422 3398 423 3404 ¹
830 3373 858 3440 F
902 3416 904 3421 ·
