<?xml version="1.0" encoding="UTF-8"?>
<!DOCTYPE html PUBLIC "-//W3C//DTD XHTML 1.0 Transitional//EN"
    "http://www.w3.org/TR/xhtml1/DTD/xhtml1-transitional.dtd">
<html xmlns="http://www.w3.org/1999/xhtml" xml:lang="en" lang="en">
 <head>
  <title>
</title>
<meta http-equiv="Content-Type" content="text/html;charset=utf-8" />
  <meta name='ocr-system' content='tesseract 3.04.00' />
  <meta name='ocr-capabilities' content='ocr_page ocr_carea ocr_par ocr_line ocrx_word'/>
</head>
<body>
  <div class='ocr_page' id='page_1' title='image "./delectussentent04valpgoog_0051.png"; bbox 0 0 2292 3725; ppageno 0'>
   <div class='ocr_carea' id='block_1_1' title="bbox 750 109 839 144">
    <p class='ocr_par' dir='ltr' id='par_1_1' title="bbox 750 109 839 144">
     <span class='ocr_line' id='line_1_1' title="bbox 750 109 839 144; baseline 0 0"><span class='ocrx_word' id='word_1_1' title='bbox 750 109 756 123; x_wconf 70' lang='grc'><em>“</em></span> <span class='ocrx_word' id='word_1_2' title='bbox 834 121 839 144; x_wconf 87' lang='grc' dir='ltr'><strong>ι</strong></span> 
     </span>
    </p>
   </div>
   <div class='ocr_carea' id='block_1_2' title="bbox 102 400 1038 627">
    <p class='ocr_par' dir='ltr' id='par_1_2' title="bbox 102 400 1038 603">
     <span class='ocr_line' id='line_1_2' title="bbox 153 400 1038 502; baseline -0.009 -22"><span class='ocrx_word' id='word_1_3' title='bbox 153 406 284 481; x_wconf 81' lang='lat' dir='ltr'><strong>Nostra</strong></span> <span class='ocrx_word' id='word_1_4' title='bbox 301 404 449 502; x_wconf 78' lang='lat' dir='ltr'><strong>longum</strong></span> <span class='ocrx_word' id='word_1_5' title='bbox 466 400 580 477; x_wconf 81' lang='lat' dir='ltr'><strong>forma</strong></span> <span class='ocrx_word' id='word_1_6' title='bbox 595 421 801 500; x_wconf 84' lang='lat' dir='ltr'><strong>percurrens</strong></span> <span class='ocrx_word' id='word_1_7' title='bbox 816 402 896 493; x_wconf 81' lang='lat' dir='ltr'><strong>iter,</strong></span> <span class='ocrx_word' id='word_1_8' title='bbox 970 464 973 468; x_wconf 73' lang='grc'><strong><em>,</em></strong></span> <span class='ocrx_word' id='word_1_9' title='bbox 1033 426 1038 434; x_wconf 91' lang='grc'><em>·</em></span> 
     </span>
     <span class='ocr_line' id='line_1_3' title="bbox 102 500 912 627; baseline -0.004 -49"><span class='ocrx_word' id='word_1_10' title='bbox 102 504 276 627; x_wconf 86' lang='lat' dir='ltr'><strong>Deperdit</strong></span> <span class='ocrx_word' id='word_1_11' title='bbox 292 502 422 601; x_wconf 83' lang='lat' dir='ltr'>ahquid</span> <span class='ocrx_word' id='word_1_12' title='bbox 438 510 588 600; x_wconf 82' lang='lat' dir='ltr'>semper,</span> <span class='ocrx_word' id='word_1_13' title='bbox 605 519 639 575; x_wconf 88' lang='lat' dir='ltr'><strong>et</strong></span> <span class='ocrx_word' id='word_1_14' title='bbox 654 500 767 601; x_wconf 84' lang='lat' dir='ltr'>fulget</span> <span class='ocrx_word' id='word_1_15' title='bbox 782 502 912 576; x_wconf 77' lang='lat' dir='ltr'><strong>minus.</strong></span> 
     </span>
    </p>
   </div>
   <div class='ocr_carea' id='block_1_3' title="bbox 101 667 1116 857">
    <p class='ocr_par' dir='ltr' id='par_1_3' title="bbox 101 667 1116 857">
     <span class='ocr_line' id='line_1_4' title="bbox 141 667 1116 779; baseline -0.001 -24.986"><span class='ocrx_word' id='word_1_16' title='bbox 141 681 307 755; x_wconf 72' lang='lat' dir='ltr'><strong>Virtutis</strong></span> <span class='ocrx_word' id='word_1_17' title='bbox 321 682 414 757; x_wconf 77' lang='lat' dir='ltr'><strong>t&#39;a&#39;nta</strong></span> <span class='ocrx_word' id='word_1_18' title='bbox 434 700 487 757; x_wconf 93' lang='grc' dir='ltr'><strong>εει</strong></span> <span class='ocrx_word' id='word_1_19' title='bbox 504 681 566 771; x_wconf 76' lang='lat' dir='ltr'><strong>uis,</strong></span> <span class='ocrx_word' id='word_1_20' title='bbox 585 700 625 757; x_wconf 88' lang='lat' dir='ltr'><strong>ut</strong></span> <span class='ocrx_word' id='word_1_21' title='bbox 648 706 720 757; x_wconf 89' lang='lat' dir='ltr'><strong>non</strong></span> <span class='ocrx_word' id='word_1_22' title='bbox 748 682 857 779; x_wconf 82' lang='lat' dir='ltr'><strong>possit</strong></span> <span class='ocrx_word' id='word_1_23' title='bbox 882 667 1037 778; x_wconf 84' lang='lat' dir='ltr'><strong>unquam</strong></span> <span class='ocrx_word' id='word_1_24' title='bbox 1051 678 1116 754; x_wconf 88' lang='lat' dir='ltr'><strong>vir-</strong></span> 
     </span>
     <span class='ocr_line' id='line_1_5' title="bbox 101 783 717 857; baseline 0.006 -4"><span class='ocrx_word' id='word_1_25' title='bbox 101 783 218 855; x_wconf 85' lang='lat' dir='ltr'><strong>bonus</strong></span> <span class='ocrx_word' id='word_1_26' title='bbox 232 804 307 857; x_wconf 89' lang='lat' dir='ltr'><strong>non</strong></span> <span class='ocrx_word' id='word_1_27' title='bbox 321 807 395 855; x_wconf 85' lang='lat' dir='ltr'><strong>esse</strong></span> <span class='ocrx_word' id='word_1_28' title='bbox 411 784 541 856; x_wconf 74' lang='lat' dir='ltr'><strong>benus.</strong></span> <span class='ocrx_word' id='word_1_29' title='bbox 590 842 594 846; x_wconf 61' lang='grc'><strong><em>,</em></strong></span> <span class='ocrx_word' id='word_1_30' title='bbox 709 849 717 857; x_wconf 94' lang='grc'>.</span> 
     </span>
    </p>
   </div>
   <div class='ocr_carea' id='block_1_4' title="bbox 101 932 942 1129">
    <p class='ocr_par' dir='ltr' id='par_1_4' title="bbox 101 932 942 1129">
     <span class='ocr_line' id='line_1_6' title="bbox 282 932 942 1097; baseline 0 -68"><span class='ocrx_word' id='word_1_31' title='bbox 282 932 418 1057; x_wconf 87' lang='lat' dir='ltr'>Quid</span> <span class='ocrx_word' id='word_1_32' title='bbox 418 980 491 1030; x_wconf 90' lang='lat' dir='ltr'><strong>non</strong></span> <span class='ocrx_word' id='word_1_33' title='bbox 507 956 665 1031; x_wconf 80' lang='lat' dir='ltr'><strong>mortalia</strong></span> <span class='ocrx_word' id='word_1_34' title='bbox 679 943 820 1097; x_wconf 85' lang='lat' dir='ltr'><strong>pectora</strong></span> <span class='ocrx_word' id='word_1_35' title='bbox 834 954 942 1073; x_wconf 85' lang='lat' dir='ltr'><strong>cogis,</strong></span> 
     </span>
     <span class='ocr_line' id='line_1_7' title="bbox 101 1052 490 1129; baseline 0.006 -2"><span class='ocrx_word' id='word_1_36' title='bbox 101 1054 195 1127; x_wconf 85' lang='lat' dir='ltr'><strong>Auri</strong></span> <span class='ocrx_word' id='word_1_37' title='bbox 212 1052 307 1129; x_wconf 86' lang='lat' dir='ltr'><strong>sacra</strong></span> <span class='ocrx_word' id='word_1_38' title='bbox 323 1054 490 1191; x_wconf 78' lang='lat' dir='ltr'><strong>fantes!</strong></span> 
     </span>
    </p>
   </div>
   <div class='ocr_carea' id='block_1_5' title="bbox 100 1214 1106 1566">
    <p class='ocr_par' dir='ltr' id='par_1_5' title="bbox 100 1214 1106 1529">
     <span class='ocr_line' id='line_1_8' title="bbox 154 1214 1106 1333; baseline 0.002 -28"><span class='ocrx_word' id='word_1_39' title='bbox 154 1214 227 1330; x_wconf 85' lang='lat' dir='ltr'><strong>Qui</strong></span> <span class='ocrx_word' id='word_1_40' title='bbox 256 1260 292 1306; x_wconf 89' lang='lat' dir='ltr'><strong>se</strong></span> <span class='ocrx_word' id='word_1_41' title='bbox 321 1234 394 1331; x_wconf 89' lang='lat' dir='ltr'><strong>ipse</strong></span> <span class='ocrx_word' id='word_1_42' title='bbox 420 1234 528 1323; x_wconf 78' lang='lat' dir='ltr'><strong>norit,</strong></span> <span class='ocrx_word' id='word_1_43' title='bbox 557 1234 726 1333; x_wconf 85' lang='lat' dir='ltr'><strong>intelliget</strong></span> <span class='ocrx_word' id='word_1_44' title='bbox 751 1260 809 1307; x_wconf 90' lang='lat' dir='ltr'><strong>se</strong></span> <span class='ocrx_word' id='word_1_45' title='bbox 819 1234 947 1307; x_wconf 87' lang='lat' dir='ltr'><strong>habere</strong></span> <span class='ocrx_word' id='word_1_46' title='bbox 976 1232 1106 1331; x_wconf 85' lang='lat' dir='ltr'><strong>aliquid</strong></span> 
     </span>
     <span class='ocr_line' id='line_1_9' title="bbox 101 1329 1106 1432; baseline 0.002 -29"><span class='ocrx_word' id='word_1_47' title='bbox 101 1329 275 1423; x_wconf 77' lang='lat' dir='ltr'><strong>divinum,</strong></span> <span class='ocrx_word' id='word_1_48' title='bbox 311 1357 516 1430; x_wconf 81' lang='lat' dir='ltr'><strong>semperque</strong></span> <span class='ocrx_word' id='word_1_49' title='bbox 556 1353 592 1407; x_wconf 91' lang='lat' dir='ltr'><strong>et</strong></span> <span class='ocrx_word' id='word_1_50' title='bbox 634 1334 736 1408; x_wconf 82' lang='lat' dir='ltr'><strong>faciet</strong></span> <span class='ocrx_word' id='word_1_51' title='bbox 762 1352 797 1407; x_wconf 89' lang='lat' dir='ltr'><strong>et</strong></span> <span class='ocrx_word' id='word_1_52' title='bbox 825 1332 946 1407; x_wconf 85' lang='lat' dir='ltr'><strong>sentiet</strong></span> <span class='ocrx_word' id='word_1_53' title='bbox 975 1332 1106 1432; x_wconf 83' lang='lat' dir='ltr'><strong>aliquid</strong></span> 
     </span>
     <span class='ocr_line' id='line_1_10' title="bbox 100 1431 507 1566; baseline -0.005 -63"><span class='ocrx_word' id='word_1_54' title='bbox 100 1431 252 1566; x_wconf 77' lang='lat' dir='ltr'><strong>dignunr</strong></span> <span class='ocrx_word' id='word_1_55' title='bbox 265 1455 410 1505; x_wconf 86' lang='lat' dir='ltr'><strong>munere</strong></span> <span class='ocrx_word' id='word_1_56' title='bbox 426 1431 507 1505; x_wconf 83' lang='lat' dir='ltr'><strong>Dei.</strong></span> 
     </span>
    </p>
   </div>
   <div class='ocr_carea' id='block_1_6' title="bbox 101 1608 916 1845">
    <p class='ocr_par' dir='ltr' id='par_1_6' title="bbox 101 1608 916 1808">
     <span class='ocr_line' id='line_1_11' title="bbox 302 1608 916 1710; baseline 0.008 -28"><span class='ocrx_word' id='word_1_57' title='bbox 302 1612 496 1709; x_wconf 88' lang='lat' dir='ltr'><strong>Nunquam</strong></span> <span class='ocrx_word' id='word_1_58' title='bbox 511 1608 650 1687; x_wconf 83' lang='lat' dir='ltr'><strong>libertas</strong></span> <span class='ocrx_word' id='word_1_59' title='bbox 656 1610 795 1710; x_wconf 73' lang='lat' dir='ltr'><strong>gratior</strong></span> <span class='ocrx_word' id='word_1_60' title='bbox 811 1629 916 1700; x_wconf 81' lang='lat' dir='ltr'><strong>extat,</strong></span> 
     </span>
     <span class='ocr_line' id='line_1_12' title="bbox 101 1705 580 1845; baseline 0.006 -64"><span class='ocrx_word' id='word_1_61' title='bbox 101 1705 225 1805; x_wconf 83' lang='lat' dir='ltr'><strong>Quam</strong></span> <span class='ocrx_word' id='word_1_62' title='bbox 237 1712 302 1783; x_wconf 92' lang='lat' dir='ltr'><strong>sub</strong></span> <span class='ocrx_word' id='word_1_63' title='bbox 319 1734 402 1808; x_wconf 85' lang='lat' dir='ltr'><strong>rege</strong></span> <span class='ocrx_word' id='word_1_64' title='bbox 418 1711 487 1845; x_wconf 89' lang='lat' dir='ltr'><strong>pio.</strong></span> <span class='ocrx_word' id='word_1_65' title='bbox 578 1766 580 1768; x_wconf 59' lang='grc'><em>»</em></span> 
     </span>
    </p>
   </div>
   <div class='ocr_carea' id='block_1_7' title="bbox 124 1839 1144 1982">
    <p class='ocr_par' dir='ltr' id='par_1_7' title="bbox 124 1839 1144 1982">
     <span class='ocr_line' id='line_1_13' title="bbox 124 1839 1144 1982; baseline 0.008 -27.209"><span class='ocrx_word' id='word_1_66' title='bbox 124 1883 272 1957; x_wconf 79' lang='lat' dir='ltr'>Virtus</span> <span class='ocrx_word' id='word_1_67' title='bbox 294 1901 345 1958; x_wconf 85' lang='lat' dir='ltr'><strong>est</strong></span> <span class='ocrx_word' id='word_1_68' title='bbox 361 1839 530 1957; x_wconf 78' lang='lat' dir='ltr'><strong>altissirnis</strong></span> <span class='ocrx_word' id='word_1_69' title='bbox 556 1885 672 1957; x_wconf 83' lang='lat' dir='ltr'><strong>defixa</strong></span> <span class='ocrx_word' id='word_1_70' title='bbox 695 1883 878 1970; x_wconf 79' lang='lat' dir='ltr'><strong>radicibus,</strong></span> <span class='ocrx_word' id='word_1_71' title='bbox 908 1907 989 1982; x_wconf 81' lang='lat' dir='ltr'><strong>quae</strong></span> <span class='ocrx_word' id='word_1_72' title='bbox 1016 1908 1104 1962; x_wconf 87' lang='lat' dir='ltr'><strong>nun·</strong></span> <span class='ocrx_word' id='word_1_73' title='bbox 1143 1894 1144 1973; x_wconf 67' lang='grc' dir='ltr'>ξ</span> 
     </span>
    </p>
   </div>
   <div class='ocr_carea' id='block_1_8' title="bbox 97 1979 1104 2154">
    <p class='ocr_par' dir='ltr' id='par_1_8' title="bbox 97 1979 1104 2154">
     <span class='ocr_line' id='line_1_14' title="bbox 97 1979 1104 2152; baseline 0.005 -98"><span class='ocrx_word' id='word_1_74' title='bbox 97 1998 213 2152; x_wconf 56' lang='lat' dir='ltr'><strong>quam</strong></span> <span class='ocrx_word' id='word_1_75' title='bbox 224 1979 346 2064; x_wconf 74' lang='lat' dir='ltr'><strong>ulli&#39;</strong></span> <span class='ocrx_word' id='word_1_76' title='bbox 313 2007 348 2056; x_wconf 86' lang='lat' dir='ltr'><strong>vr</strong></span> <span class='ocrx_word' id='word_1_77' title='bbox 371 1981 591 2065; x_wconf 73' lang='lat' dir='ltr'><strong>labefactari</strong></span> <span class='ocrx_word' id='word_1_78' title='bbox 589 2000 715 2080; x_wconf 84' lang='lat' dir='ltr'><strong>potest,</strong></span> <span class='ocrx_word' id='word_1_79' title='bbox 740 2004 921 2082; x_wconf 82' lang='lat' dir='ltr'><strong>nunquam</strong></span> <span class='ocrx_word' id='word_1_80' title='bbox 937 1983 1104 2061; x_wconf 83' lang='lat' dir='ltr'><strong>dimoveri</strong></span> 
     </span>
     <span class='ocr_line' id='line_1_15' title="bbox 112 2105 179 2154; baseline 0 -1"><span class='ocrx_word' id='word_1_81' title='bbox 112 2105 179 2154; x_wconf 86' lang='lat' dir='ltr'><strong>oco</strong></span> 
     </span>
    </p>
   </div>
   <div class='ocr_carea' id='block_1_9' title="bbox 74 2205 941 2427">
    <p class='ocr_par' dir='ltr' id='par_1_9' title="bbox 74 2205 941 2427">
     <span class='ocr_line' id='line_1_16' title="bbox 74 2205 941 2354; baseline 0.003 -28"><span class='ocrx_word' id='word_1_82' title='bbox 74 2289 76 2294; x_wconf 96' lang='lat'>·</span> <span class='ocrx_word' id='word_1_83' title='bbox 99 2251 291 2326; x_wconf 79' lang='lat' dir='ltr'><strong>Proximus</strong></span> <span class='ocrx_word' id='word_1_84' title='bbox 306 2275 327 2326; x_wconf 80' lang='grc' dir='ltr'><strong>ι</strong></span> <span class='ocrx_word' id='word_1_85' title='bbox 345 2249 441 2326; x_wconf 84' lang='lat' dir='ltr'><strong>tectis</strong></span> <span class='ocrx_word' id='word_1_86' title='bbox 457 2207 545 2350; x_wconf 84' lang='lat' dir='ltr'><strong>ignis</strong></span> <span class='ocrx_word' id='word_1_87' title='bbox 559 2252 755 2328; x_wconf 85' lang='lat' dir='ltr'><strong>defenditur</strong></span> <span class='ocrx_word' id='word_1_88' title='bbox 772 2205 941 2354; x_wconf 51' lang='lat' dir='ltr'><strong>agri}¹</strong></span> 
     </span>
     <span class='ocr_line' id='line_1_17' title="bbox 151 2345 744 2427; baseline 0.003 -3"><span class='ocrx_word' id='word_1_89' title='bbox 151 2351 251 2424; x_wconf 89' lang='lat' dir='ltr'><strong>Utile</strong></span> <span class='ocrx_word' id='word_1_90' title='bbox 268 2345 420 2424; x_wconf 78' lang='lat' dir='ltr'><strong>finitimis</strong></span> <span class='ocrx_word' id='word_1_91' title='bbox 430 2352 638 2427; x_wconf 81' lang='lat' dir='ltr'><strong>abstinuisse</strong></span> <span class='ocrx_word' id='word_1_92' title='bbox 650 2353 744 2426; x_wconf 86' lang='lat' dir='ltr'><strong>locis</strong></span> 
     </span>
    </p>
   </div>
   <div class='ocr_carea' id='block_1_10' title="bbox 94 2522 1102 2820">
    <p class='ocr_par' dir='ltr' id='par_1_10' title="bbox 94 2522 1102 2820">
     <span class='ocr_line' id='line_1_18' title="bbox 150 2522 1101 2623; baseline 0.005 -27"><span class='ocrx_word' id='word_1_93' title='bbox 150 2527 294 2599; x_wconf 82' lang='lat' dir='ltr'><strong>Veteres</strong></span> <span class='ocrx_word' id='word_1_94' title='bbox 339 2523 501 2612; x_wconf 81' lang='lat' dir='ltr'><strong>Romani,</strong></span> <span class='ocrx_word' id='word_1_95' title='bbox 554 2522 695 2620; x_wconf 79' lang='lat' dir='ltr'><strong>accepto</strong></span> <span class='ocrx_word' id='word_1_96' title='bbox 745 2523 882 2623; x_wconf 82' lang='lat' dir='ltr'><strong>injuria,</strong></span> <span class='ocrx_word' id='word_1_97' title='bbox 930 2526 1101 2601; x_wconf 81' lang='lat' dir='ltr'><strong>malebant</strong></span> 
     </span>
     <span class='ocr_line' id='line_1_19' title="bbox 94 2622 1102 2739; baseline 0.002 -41"><span class='ocrx_word' id='word_1_98' title='bbox 94 2623 287 2739; x_wconf 81' lang='lat' dir='ltr'><strong>ignoscere,</strong></span> <span class='ocrx_word' id='word_1_99' title='bbox 319 2623 426 2719; x_wconf 83' lang='lat' dir='ltr'><strong>quarn</strong></span> <span class='ocrx_word' id='word_1_100' title='bbox 461 2622 631 2720; x_wconf 84' lang='lat' dir='ltr'><strong>persequi.</strong></span> <span class='ocrx_word' id='word_1_101' title='bbox 699 2622 784 2697; x_wconf 81' lang='lat' dir='ltr'><strong>Pius</strong></span> <span class='ocrx_word' id='word_1_102' title='bbox 812 2623 902 2721; x_wconf 71' lang='lat' dir='ltr'><strong>pene</strong></span> <span class='ocrx_word' id='word_1_103' title='bbox 929 2645 1102 2700; x_wconf 87' lang='lat' dir='ltr'><strong>auxerunt</strong></span> 
     </span>
     <span class='ocr_line' id='line_1_20' title="bbox 94 2721 921 2820; baseline 0.002 -27"><span class='ocrx_word' id='word_1_104' title='bbox 94 2722 282 2819; x_wconf 85' lang='lat' dir='ltr'><strong>imperium</strong></span> <span class='ocrx_word' id='word_1_105' title='bbox 299 2723 473 2817; x_wconf 86' lang='lat' dir='ltr'><strong>parcendo</strong></span> <span class='ocrx_word' id='word_1_106' title='bbox 490 2721 600 2809; x_wconf 86' lang='lat' dir='ltr'><strong>victis,</strong></span> <span class='ocrx_word' id='word_1_107' title='bbox 616 2747 723 2820; x_wconf 82' lang='lat' dir='ltr'><strong>quarn</strong></span> <span class='ocrx_word' id='word_1_108' title='bbox 737 2723 921 2797; x_wconf 82' lang='lat' dir='ltr'><strong>vincendo.</strong></span> 
     </span>
    </p>
   </div>
   <div class='ocr_carea' id='block_1_11' title="bbox 102 2896 1101 3137">
    <p class='ocr_par' dir='ltr' id='par_1_11' title="bbox 102 2896 1090 3092">
     <span class='ocr_line' id='line_1_21' title="bbox 154 2896 975 3011; baseline 0.004 -43"><span class='ocrx_word' id='word_1_109' title='bbox 154 2897 241 2991; x_wconf 74' lang='lat' dir='ltr'><strong>Quo</strong></span> <span class='ocrx_word' id='word_1_110' title='bbox 259 2896 327 2971; x_wconf 78' lang='lat' dir='ltr'><strong>iata</strong></span> <span class='ocrx_word' id='word_1_111' title='bbox 345 2897 486 2988; x_wconf 81' lang='lat' dir='ltr'><strong>trahunt</strong></span> <span class='ocrx_word' id='word_1_112' title='bbox 505 2897 766 3011; x_wconf 86' lang='lat' dir='ltr'><strong>retrahuntque‚</strong></span> <span class='ocrx_word' id='word_1_113' title='bbox 779 2922 975 2994; x_wconf 86' lang='lat' dir='ltr'><strong>sequamur.</strong></span> 
     </span>
     <span class='ocr_line' id='line_1_22' title="bbox 102 2977 1101 3137; baseline 0.007 -70"><span class='ocrx_word' id='word_1_114' title='bbox 102 2995 283 3092; x_wconf 89' lang='lat' dir='ltr'><strong>Quicquid</strong></span> <span class='ocrx_word' id='word_1_115' title='bbox 300 2996 376 3085; x_wconf 88' lang='lat' dir='ltr'><strong>erit,</strong></span> <span class='ocrx_word' id='word_1_116' title='bbox 392 2977 604 3092; x_wconf 78' lang='lat' dir='ltr'><strong>superanda</strong></span> <span class='ocrx_word' id='word_1_117' title='bbox 603 2997 716 3068; x_wconf 86' lang='lat' dir='ltr'><strong>omnis</strong></span> <span class='ocrx_word' id='word_1_118' title='bbox 731 2995 872 3137; x_wconf 83' lang='lat' dir='ltr'><strong>fortuna</strong></span> <span class='ocrx_word' id='word_1_119' title='bbox 883 2996 1028 3072; x_wconf 86' lang='lat' dir='ltr'><strong>ferendo</strong></span> <span class='ocrx_word' id='word_1_120' title='bbox 1039 3017 1101 3074; x_wconf 86' lang='lat' dir='ltr'><strong>est.</strong></span> 
     </span>
    </p>
   </div>
   <div class='ocr_carea' id='block_1_12' title="bbox 5 3173 1102 3371">
    <p class='ocr_par' dir='ltr' id='par_1_12' title="bbox 5 3173 1102 3371">
     <span class='ocr_line' id='line_1_23' title="bbox 110 3173 1102 3278; baseline 0.004 -30.162"><span class='ocrx_word' id='word_1_121' title='bbox 110 3173 330 3251; x_wconf 75' lang='lat' dir='ltr'><strong>Malorum</strong></span> <span class='ocrx_word' id='word_1_122' title='bbox 359 3189 410 3249; x_wconf 73' lang='lat' dir='ltr'><strong>‘est</strong></span> <span class='ocrx_word' id='word_1_123' title='bbox 440 3199 537 3249; x_wconf 84' lang='lat' dir='ltr'><strong>escu¹</strong></span> <span class='ocrx_word' id='word_1_124' title='bbox 535 3177 719 3277; x_wconf 75' lang='lat' dir='ltr'><strong>voluptas,</strong></span> <span class='ocrx_word' id='word_1_125' title='bbox 733 3177 806 3278; x_wconf 75' lang='lat' dir='ltr'><strong>qui</strong></span> <span class='ocrx_word' id='word_1_126' title='bbox 832 3175 1018 3268; x_wconf 64' lang='lat' dir='ltr'><strong>homines</strong></span> <span class='ocrx_word' id='word_1_127' title='bbox 1012 3179 1102 3276; x_wconf 73' lang='lat' dir='ltr'><strong>espi-</strong></span> 
     </span>
     <span class='ocr_line' id='line_1_24' title="bbox 5 3274 535 3371; baseline 0.014 -29"><span class='ocrx_word' id='word_1_128' title='bbox 5 3349 9 3356; x_wconf 63' lang='grc'><em>,</em></span> <span class='ocrx_word' id='word_1_129' title='bbox 91 3289 220 3362; x_wconf 87' lang='grc' dir='ltr'><strong>ιιιιιιιι,</strong></span> <span class='ocrx_word' id='word_1_130' title='bbox 238 3291 277 3346; x_wconf 90' lang='lat' dir='ltr'><strong>ut</strong></span> <span class='ocrx_word' id='word_1_131' title='bbox 293 3274 446 3346; x_wconf 84' lang='lat' dir='ltr'><strong>hamo&#39;</strong></span> <span class='ocrx_word' id='word_1_132' title='bbox 413 3299 535 3371; x_wconf 84' lang='lat' dir='ltr'><strong>p1sces.</strong></span> 
     </span>
    </p>
   </div>
   <div class='ocr_carea' id='block_1_13' title="bbox 0 0 1150 3725">
    <p class='ocr_par' dir='ltr' id='par_1_13' title="bbox 0 0 1150 3725">
     <span class='ocr_line' id='line_1_25' title="bbox 0 0 1150 3725; baseline 0 0"><span class='ocrx_word' id='word_1_133' title='bbox 0 0 1150 3725; x_wconf 95' lang='lat' dir='ltr'><strong> </strong></span> 
     </span>
    </p>
   </div>
  </div>
 </body>
</html>
