2292 3725
393 164 767 300 *ss-x

67 394 173 481 Crine
199 398 368 491 ruber,
334 424 432 500 niger
458 424 530 487 ore,
550 400 666 475 brevis
683 402 784 517 pede,
801 398 936 475 lumine
953 401 1065 503 lassus,

116 496 211 571 Rem
227 523 388 599 magnam
400 518 551 595 praestas,
572 500 681 586 Zoile,
700 524 728 572 st
718 500 854 578 bonus
866 521 918 573 es.

117 672 256 767 Quibus
279 672 443 771 gradibus
469 674 647 761 Romulus
664 673 859 748 ascendit
839 697 886 747 ιιι
909 672 1069 747 coelum

65 771 168 844 rebus
185 773 298 868 gestis,
317 789 420 869 atque
435 772 694 847 virtutibus.
750 832 756 839 Α

66 943 237 1017 Laudatas
254 943 385 1040 homini
401 945 552 1020 volucris
567 945 717 1019 Junonia
726 891 868 1061 pennas

115 1038 287 1139 Explicat,
305 1060 340 1117 et
357 1042 472 1118 forma
479 1061 582 1117 muta
597 1044 751 1141 superbit
765 1043 849 1119 avis

116 1248 254 1322 Xerxes
280 1266 361 1323 ante
389 1251 509 1323 navale
536 1250 711 1347 praelium,
739 1275 812 1347 quo
831 1250 942 1323 victus
967 1266 1019 1323 est
1049 1274 1071 1321 a

65 1347 316 1438 Themistocle,
358 1349 496 1425 miserat
536 1366 685 1446 quatuor
724 1348 831 1421 millia
856 1354 1072 1463 aeneatorum

37 1470 44 1483 ”
67 1448 239 1544 Delphos
269 1403 316 1519 ati
330 1448 560 1545 diripiendum
577 1448 747 1546 templum
770 1445 957 1562 Apollinis,
972 1445 1077 1562 qna?

67 1560 203 1645 gereret
219 1544 354 1621 bellum
370 1569 441 1619 non
466 1548 605 1623 tantum
622 1571 704 1619 cum
722 1545 870 1632 Graecis,
887 1544 1093 1623 sedetiam

68 1668 150 1721 eum
172 1642 250 1717 Diis
277 1642 538 1717 immortalibus.
570 1648 685 1741 Quae
714 1669 837 1717 manus
864 1660 935 1715 tota
959 1642 1074 1715 deleta

69 1760 120 1817 est
148 1741 316 1817 imbribus
342 1760 376 1815 et
404 1719 618 1831 fulminibus,
650 1762 689 1816 ut
717 1743 932 1840 intelligeret,
963 1739 1074 1841 quim
1139 1809 1141 1832 ,

70 1840 178 1918 nullae
195 1850 309 1916 essent
325 1840 555 1918 hominum
523 1869 613 1916 mres
628 1842 816 1917 adversum
833 1843 943 1916 Deos.
1004 1858 1011 1870 ⁴

121 1997 251 2088 Forsan
264 2035 302 2088 et
319 2015 394 2088 haec
414 2015 497 2088 olim
516 2015 711 2088 meminisse
724 2009 866 2129 juvabit.
1078 2086 1082 2092 ,
1137 2106 1138 2119 ¹

71 2112 219 2203 Durate,
231 2131 266 2190 et
277 2131 411 2188 vosmet
428 2117 531 2188 rebus
547 2132 680 2187 servate
696 2111 865 2187 secundis
983 2225 988 2229 .
1137 2156 1139 2235 t

122 2317 393 2393 Atheniensibus
429 2317 525 2418 leges
563 2315 716 2394 instituit
741 2315 862 2410 Solon,
901 2306 1083 2414 Spartanis
1136 2322 1138 2435 1

73 2415 268 2518 Lycurgus.
1134 2464 1137 2633 ⁴

176 2593 354 2665 Heredem
371 2565 518 2678 astsme,
538 2589 686 2674 samue,
705 2589 810 2668 dies:
872 2539 896 2641 -’
938 2547 976 2632 ’ἰ

181 2690 265 2805 Non
282 2691 433 2776 credam,
447 2690 511 2762 nisi
528 2691 660 2788 legero,
679 2689 826 2762 Catulle.

98 2867 232 2950 cun
247 2865 385 2942 duobus
413 2868 589 2958 modis,
555 2896 598 2941 vt
615 2885 675 2942 aut
699 2865 834 2956 fraude,
851 2867 941 2944 fiat'
928 2842 1085 2968 injutia3

79 2965 490 3085 ftausquasivulpeculae
513 2968 659 3052 videtur,
678 2967 732 3040 vis
746 2926 880 3041 leonis.
905 2970 967 3042 sed
983 2967 1088 3044 {raus

81 3065 163 3138 odio
187 3064 292 3186 digna
320 3069 460 3164 majore.
488 3065 637 3186 Injuria
660 3084 776 3137 autem
792 3067 888 3139 nulla
904 3066 1090 3162 capitalior

77 3177 144 3248 ut,
164 3161 272 3260 quiam
288 3188 427 3278 eorum,
438 3163 511 3259 qui,
537 3187 623 3238 cum
652 3162 803 3243 mxime
750 3163 893 3335 fall
894 3169 971 3288 unt,
999 3167 1093 3248 dant

82 3285 224 3368 operam
239 3279 278 3338 ut
294 3262 357 3336 vin
347 3217 455 3338 1)οαὶ
471 3258 722 3339 habeantur..
