2292 3725
507 36 619 194 ἰιιΙ

88 313 273 393 Tonsurae
285 307 471 385 intratam
483 334 527 383 ex
539 308 656 386 Sicilia
669 322 793 385 uenere
809 327 894 426 post
902 310 1061 383 Romam

47 410 233 488 comm
266 434 360 481 amro
392 408 730 523 quadringentesimo
771 408 1061 508 quinquageu'mo
1138 415 1143 443 ·'

51 526 187 607 quarto.
221 507 363 583 Ante
352 526 479 581 tntoust
468 506 593 579 fuere
610 507 771 581 Rotnani.

298 671 421 769 Facilis
444 694 629 767 descensus
647 695 789 781 Averni,
908 669 916 680 ²

49 797 183 871 Noctes
196 811 304 891 atque
316 794 390 865 dies
405 810 497 898 patet
515 793 579 865 atri
591 796 696 897 janua
710 790 827 884 Ditis3

51 895 122 969 Sed
139 917 301 966 revocare
316 888 479 990 gradum,
496 911 707 989 superasque
723 894 868 967 evadere
883 891 928 965 ad
945 914 1062 979 auras,
1139 969 1143 977 ,

50 995 131 1067 Hoc
143 1016 242 1087 opus,
261 990 319 1064 hic
336 992 435 1065 labor
444 1010 506 1065 est
612 1036 623 1099 '.

61 1188 253 1275 Xerxes,
300 1182 465 1289 refertus
492 1188 655 1261 omnibus
698 1187 863 1287 praemiis
860 1175 1064 1305 donisque

54 1286 218 1377 fortunae,
234 1311 308 1360 non
317 1285 487 1384 equitatu,
512 1293 590 1359 ιιοιι
608 1287 823 1383 pedestribus
845 1287 972 1386 copiis,
987 1310 1064 1358 non

53 1386 194 1460 navium
236 1386 465 1472 multitudiue,
511 1410 581 1459 nun
616 1386 768 1462 infinito
788 1388 948 1501 pondere
973 1386 1065 1475 auri,

56 1502 248 1570 contentus
281 1486 464 1581 praemium
508 1486 540 1556 ei
572 1485 764 1581 proposuit,
794 1485 852 1580 qui
881 1486 1066 1557 invenisset

56 1608 184 1659 novam
219 1585 439 1678 voluptatem.
493 1582 613 1677 Qua
604 1584 753 1669 inventa,
788 1583 860 1679 ipse
893 1606 966 1657 uon
997 1580 1066 1654 fuit

55 1699 261 1855 mentm
304 1706 417 1778 neque
449 1682 543 1755 enim
581 1706 738 1779 unquam
770 1682 878 1756 finem
916 1680 1067 1757 inveniet

143 1807 166 1853 0
1019 1815 1028 1829 .

60 1955 281 2055 Angravis
271 1913 446 2054 inceptum
460 1955 591 2053 peragit
607 1953 747 2028 fortuna
763 1974 940 2027 tenorem
933 1953 946 2005 ι

110 2056 156 2130 Et
168 2073 283 2128 manet
298 2057 448 2128 incursu
465 2079 602 2152 semper
619 2057 742 2127 acerba
757 2053 848 2126 suo?
923 2073 930 2080 ·
1007 2066 1011 2077 ’

44 2238 47 2243 “
110 2225 249 2298 Urbem
278 2226 459 2339 Megaram
487 2244 624 2321 ceperat
657 2225 869 2312 Demetrius,
901 2223 959 2296 cui
984 2247 1071 2339 cog-

61 2349 191 2400 nomen
224 2323 432 2398 Poliorcetes
464 2321 539 2397 fuir.
592 2326 652 2398 Ab
686 2325 753 2396 hoc
786 2324 925 2420 Stilpon
957 2321 1145 2420 philo-t

63 2424 218 2522 sophus
208 2440 450 2538 interrogatus,
466 2447 553 2495 nunt
570 2423 653 2518 quid
680 2421 906 2519 perdidisset?
954 2421 1070 2507 Nihil,

62 2523 199 2620 iuquit3
226 2520 342 2600 omnia
364 2545 516 2619 namque
541 2547 618 2594 mea
646 2545 784 2593 mecum
813 2537 903 2594 sunt.
955 2519 1073 2636 Atqui
1143 2573 1144 2584 ι

62 2640 99 2694 et
128 2621 372 2717 patrimonium
399 2645 502 2692 suurn
536 2619 740 2717 perdiderat,
773 2637 807 2692 et
840 2619 947 2692 hostis
962 2617 1074 2735 filios

63 2738 236 2816 rapuerat,
270 2737 304 2791 et
334 2719 478 2815 patriam
522 2737 791 2816 expugnaverat.
853 2718 919 2790 lile
952 2697 1090 2790 ιιιιιιιι-

64 2818 150 2899 nibil
166 2843 202 2891 se
220 2817 336 2910 damni
358 2840 497 2912 passum
511 2814 616 2890 fuisse
630 2835 772 2890 testatus
797 2837 859 2890 est.
910 2818 1076 2890 Habebat

65 2918 160 2992 enin
176 2941 294 2991 secum
312 2940 392 2989 vera
409 2918 510 3004 bona,
542 2918 734 2989 doctrinam
756 2916 896 3003 scilicet,
913 2932 947 2986 et
965 2916 1077 2990 virtu

65 3033 149 3102 tem,
179 3017 319 3115 inqua
347 3017 454 3088 hostis
480 3039 625 3088 manum
653 3016 791 3112 injicere
819 3038 891 3088 non
925 3028 1077 3109 poterat.
1142 3067 1143 3076 ι

62 3114 238 3188 Omnium
263 3113 390 3188 seilicet
413 3117 601 3204 bonorum,
629 3137 730 3212 quae
735 3114 948 3190 extrinsecus
969 3114 1080 3188 adve-

63 3212 175 3304 niunt,
193 3213 323 3292 ineerta
337 3211 508 3310 possessio
520 3232 582 3286 est.
930 3235 937 3248 ‘

1139 3121 1143 3204 t
