2292 3725
544 219 601 301 64
1133 210 1141 284 t

68 428 305 515 admonerent,
336 429 364 501 si
391 427 463 525 ipse
491 426 593 503 facile
614 436 749 501 careret
760 419 934 525 “pecunia
949 425 1073 518 sliberis
1140 399 1142 536 i

67 545 183 601 tanen
215 526 285 602 sitis
325 526 545 625 prospiceret,
592 526 719 624 quibus
749 525 886 600 difficile
918 544 1009 603 esset
1039 526 1073 598 in
1140 539 1142 568 ¹

66 624 206 697 summi
223 642 421 723 paupertate
444 644 571 699 tantam
588 644 766 723 patemam
795 626 885 697 tueri
902 625 1070 722 gloriam,

67 723 121 795 his
137 723 216 796 ille:
250 726 278 796 si
308 725 376 798 mei
397 722 523 797 similes
548 742 662 814 erunt,
692 724 813 822 inquit,
849 725 982 822 agellus
996 723 1074 796 illos
1140 755 1141 762 ¹

67 820 143 913 alet,
153 824 222 925 ¹qui
232 847 292 894 me
306 824 350 896 ad
380 824 469 897 hanc
488 824 688 921 dignitatem
711 822 896 919 perduxit,
925 824 977 895 sin
993 840 1073 895 sunt
1140 853 1141 856 ¹

66 918 175 992 futuri
202 918 412 1009 dissimiles,
438 923 520 995 nolo
550 922 635 995 meis
666 921 828 1020 impensis
856 920 995 995 illorum
1009 918 1014 925 '
1029 922 1073 992 ali

66 1018 255 1119 augerique
271 1021 458 1095 luxuriam.

67 1212 142 1293 lam
161 1216 301 1289 suriunt
318 1218 398 1290 anni
410 1216 561 1315 fragiles,
578 1236 612 1291 et
624 1218 765 1293 inertior
780 1238 884 1293 aetas:

116 1315 227 1390 hrficit
241 1337 275 1389 et
287 1317 401 1415 nigras
416 1316 493 1391 alba
502 1338 639 1391 senecta
655 1341 782 1392 comas.

66 1513 164 1587 Ctim
195 1519 340 1610 juvenes
366 1516 521 1591 relaxare
546 1517 688 1603 animos,
722 1535 756 1591 et
778 1516 860 1589 dare
885 1543 921 1589 se
949 1520 1074 1615 jucnn-
1141 1587 1142 1590 ,

65 1612 162 1683 ditati
194 1613 321 1782 vplenr,
342 1633 483 1688 caveant
514 1614 820 1713 intemperantiam,
857 1617 1075 1689 meminerint

66 1734 214 1784 verecun
240 1734 292 1785 tae.

65 1885 246 1990 Fraxinus*
262 1918 299 1989 in
327 1917 430 2016 sylvis
446 1917 688 2014 pulcherrima,
707 1917 808 2014 pinus
824 1917 861 1990 in
878 1918 998 2008 hortis,
1061 1954 1068 1964 ·

63 2014 218 2110 Populus
233 2016 269 2088 in
286 2017 407 2105 fluviis,
427 2019 518 2092 abies
534 2019 571 2088 in
583 2020 759 2090 montibus
770 2017 855 2090 altis
953 2013 957 2021 ’

115 2211 235 2308 Quhm
258 2239 366 2312 parvo
384 2233 567 2290 contentus
580 2235 634 2290 est
651 2216 805 2314 sapiens!
824 2215 932 2314 quam
949 2238 1076 2312 parurn

61 2333 299 2410 paupertatem
334 2315 452 2389 timet!
478 2315 640 2388 Ducebat
667 2315 866 2410 pronihilo
890 2315 1075 2410 pecuniam

63 2415 274 2488 Anacharsis
290 2415 446 2510 Scythes,
472 2416 571 2512 cujus
588 2432 682 2488 extat
694 2416 847 2510 epistola,
866 2415 921 2486 his
935 2414 1073 2512 verbis:

61 2513 271 2586 Anacharsis
306 2514 470 2584 Hannoni
503 2513 660 2586 salutem.
713 2513 802 2584 Mihi
837 2513 982 2584 amictus
1006 2530 1075 2596 est,

63 2626 102 2680 ut
136 2611 274 2705 Scythis
303 2610 386 2684 ferae
404 2611 527 2708 pellis3
559 2611 843 2700 calceamentum,
862 2612 991 2706 pedum
1003 2610 1076 2681 cal·

59 2707 156 2798 lnm3
177 2709 300 2792 cubile,
320 2727 410 2780 terra
425 2739 434 2799 3
456 2710 652 2799 obsonium,
670 2708 805 2799 fames;
842 2710 941 2796 lacte,
959 2704 1071 2790 caseo,

59 2829 176 2893 carne,
199 2831 329 2879 vescor.
385 2809 503 2904 Quare
520 2833 665 2882 munera
681 2809 744 2882 ista
769 2829 841 2898 tna,
870 2809 928 2882 vel
942 2807 1077 2882 civibus

58 2905 139 2992 tuis,
169 2907 224 2979 vel
240 2905 325 2978 Diis‘
346 2905 597 2980 immortalibus
621 2909 724 2979 dona.
755 2997 761 3007 ἱ

60 3101 118 3186 Sic
135 3125 211 3174 ntea
228 3102 399 3198 perpetuis
417 3101 599 3198 liquefiunt
615 3091 753 3197 pectora
770 3102 871 3190 curis,

112 3199 252 3296 ignibus
270 3201 414 3274 admotis
427 3220 465 3271 ut
481 3225 572 3272 nova
592 3225 670 3310 cera
687 3200 784 3273 solet.
