2292 3725
560 166 725 320 ιι

137 435 322 511 Adversus
354 434 596 522 Hannibalem,
626 432 789 510 callidum
831 436 1090 533 imperatorem,

86 536 186 610 toties
209 536 389 624 victorem,
415 536 523 608 dura
540 534 709 609 Romanis
725 537 855 610 electus
880 539 929 631 Ω
958 534 1092 625 Fabius,

87 658 216 707 novam
228 636 384 707 vincendi
400 652 510 707 artem
527 653 745 707 commentus
758 652 820 723 est,
837 659 911 707 non
923 658 1135 735 pugnare,

86 750 123 807 et
155 733 291 810 hostem
323 732 423 805 mora
451 731 623 831 frangere
675 734 782 807 Unde
817 736 1014 808 Cunctator
1045 750 1095 805 est

89 832 212 907 dictus.
502 876 518 893 =

88 988 204 1059 Mater
221 989 367 1059 Lacaena
379 987 503 1085 clypeo
519 989 702 1061 obarmans
718 934 844 1075 fliium,

89 1086 185 1159 Cum
197 1086 277 1171 hoc,
294 1086 417 1192 inquit,
436 1085 639 1173 adriatice,
658 1085 742 1161 redi.

137 1261 224 1335 Non
272 1261 395 1335 licebat
433 1261 552 1339 vinum
594 1259 746 1337 foeminis
790 1261 918 1335 Romae
966 1259 1096 1335 bibere.

88 1360 264 1435 Mecennii
280 1387 383 1447 uxor,
402 1360 561 1459 quud
529 1385 649 1435 rmum
678 1360 809 1457 biberat
825 1386 845 1433 e
862 1352 970 1447 dolio,
993 1360 1099 1433 inter

88 1454 179 1531 fecta
194 1456 260 1533 fuit
276 1485 297 1533 a
314 1460 448 1533 marito
1136 1500 1137 1509 ι

37 1696 40 1700 ,
88 1610 160 1684 Vix
188 1612 272 1683 mihi
305 1616 464 1701 credetis,
497 1616 560 1687 aed
593 1614 746 1703 credite,
775 1612 899 1729 Troja
928 1628 1101 1701 maneret,

137 1710 322 1809 Praeceptis
338 1713 508 1784 Priami
482 1738 510 1784 st
526 1702 619 1785 'foret
636 1732 698 1785 usa
714 1711 814 1785 senis.

137 1863 223 1942 Non
240 1880 345 1938 terret
370 1843 557 1959 sapientem
580 1887 689 1952 mors,
714 1887 794 1960 quae
822 1877 965 1956 propter
988 1859 1104 1934 incer-

88 1977 143 2034 tos
175 1987 275 2035 casus
304 1963 457 2058 quotidie
497 1963 666 2048 imminet,
709 1977 849 2057 propter
893 1959 1103 2034 brevitatem

88 2058 167 2133 ritae
185 2083 365 2174 nunquam
382 2061 489 2184 longi
505 2077 617 2158 potest
639 2063 767 2133 abesse.
806 2057 993 2131 ¹Pellantur
1010 2057 1103 2156 ergb

87 2156 162 2231 istae
215 2158 351 2256 ineptiae
404 2155 494 2254 peni
536 2159 654 2244 aniles,
697 2175 776 2232 ante
815 2174 953 2253 tempus
995 2158 1105 2250 ιιιριὶ,

74 2255 255 2331 miserum
288 2279 372 2330 esse.
439 2259 548 2352 Quod
599 2257 739 2329 tandem
773 2257 935 2352 tempus?
987 2255 1104 2330 Natu·

88 2365 209 2431 raeue?
234 2361 299 2430 At
301 2382 342 2428 ea
363 2356 505 2453 quidem
523 2355 617 2429 dedit
646 2380 788 2428 usuram
813 2355 906 2443 vitae,
933 2373 1103 2453 tanquam

89 2457 256 2554 pecuniae,
289 2455 386 2530 nulla
419 2451 612 2552 praestituta
645 2455 710 2527 die.
764 2454 861 2549 Quid
894 2472 946 2527 est
979 2454 1101 2552 igitur,

90 2556 186 2653 quod
211 2577 367 2652 querare,
385 2553 414 2626 si
429 2555 563 2648 repetit,
590 2556 676 2628 cum
688 2551 849 2625 vult?
812 2577 854 2624 ea
876 2552 968 2624 enim
982 2551 1104 2626 cundi-

89 2655 183 2726 tione
215 2678 405 2748 acceperas.
462 2653 583 2740 Iidem,
617 2653 646 2724 si
679 2676 766 2748 puer
800 2675 926 2747 parvus
959 2643 1101 2735 occidit,

88 2775 193 2848 aequo
225 2751 340 2825 animo
374 2749 559 2823 ferendum
588 2764 733 2848 putant:
761 2750 789 2828 si
818 2749 931 2824 verb
921 2773 958 2821 ιιι
988 2748 1100 2844 cunin

86 2874 133 2924 ne
166 2850 384 2966 querendum
417 2850 570 2950 quidem.
622 2850 732 2948 Atqui
766 2851 809 2922 ab
842 2850 909 2922 hoc
939 2846 1100 2921 acerbius

88 2952 205 3063 exegit
220 2966 352 3036 natura,
382 2951 477 3046 quod
495 2951 648 3023 dederat.
699 2950 872 3022 Nondum
889 2963 1097 3044 gustaverat,

90 3047 262 3145 inquiunt,
291 3049 370 3121 vitae
399 3047 625 3122 suavitatem:
654 3048 710 3120 hic
742 3066 857 3118 autem
884 3048 959 3162 jam
985 3068 1099 3146 spera·-

90 3148 150 3216 bat
161 3168 297 3258 nragna,
315 3147 441 3240 quibus
452 3143 522 3215 frui
534 3164 699 3242 coeperat
745 3146 819 3216 At·
811 3169 845 3216 ιιι
857 3143 977 3217 ceteris
995 3140 1099 3216 rebus

91 3241 214 3315 melius
242 3258 395 3354 putatur,
427 3242 594 3359 attingere
623 3242 774 3336 aliquam
806 3261 954 3336 partem,
988 3239 1097 3408 quim

91 3340 249 3413 nullam.¹
287 3338 387 3412 Cur
378 3361 413 3410 ιιι
426 3337 495 3412 vita
511 3359 632 3412 secus
624 3337 638 3390 Ρ
689 3342 901 3435 Quanquam
919 3359 991 3412 non
1006 3335 1094 3412 male
