2292 3725
54 420 306 498 enervaverunt
329 426 475 500 corpora
505 402 717 499 animosque,
748 419 788 476 ut
812 400 902 475 vires
919 404 965 475 ad
990 403 1065 475 uin·

56 503 207 584 solidum
245 504 448 589 ademerint,
492 521 525 574 et
576 502 766 576 Marcellus
805 501 887 575 rere
933 502 1066 575 dissime

53 604 231 677 videatur:
260 606 416 699 Capuam
434 602 620 673 Hannibali
639 604 776 674 Cannas
791 598 907 674 fuisse
1017 692 1024 698 ι

53 776 184 873 Sponte
226 791 341 848 tamen
377 776 521 891 juvenes
554 772 732 857 imitantur
764 790 819 855 cer
803 786 918 862 ιιιις
948 762 1092 855 solam¹
1140 771 1144 782 '

53 874 153 948 Inviti
171 898 311 971 quoque
323 872 497 957 avaritiam
508 897 671 953 exercere
677 874 856 970 jubentur.

99 1048 235 1125 Praeter
282 1049 364 1145 culp
365 1072 422 1121 aar
455 1064 489 1119 et
520 1062 702 1143 peecatum
740 1044 873 1125 homiui
905 1044 1067 1123 accidere

54 1147 143 1237 nihil
155 1165 280 1245 potest,
293 1148 390 1245 quod
405 1146 448 1227 sit
465 1146 630 1224 horribile
646 1162 705 1226 aut
717 1146 1045 1241 pertimescmdum.

56 1339 283 1441 Supprime
270 1364 342 1439 Jam
371 1338 563 1437 lacrymas.
590 1360 663 1408 non
690 1353 741 1412 est
766 1334 968 1412 revocabilis
982 1334 1069 1425 illis,

118 1442 237 1535 Quem
253 1437 359 1511 semel
376 1434 565 1511 umbrifera
577 1436 691 1507 navita
705 1435 807 1507 lintre
820 1436 928 1512 tulit.-

104 1618 202 1691 Nihil
216 1636 266 1692 est
279 1612 454 1693 lionestius
464 1617 816 1733 magnificentiusque
831 1615 940 1715 quim
957 1642 1066 1713 pecu-

56 1718 149 1791 niam
178 1736 412 1807 contemnere,
446 1718 474 1792 si
506 1742 579 1803 non
608 1718 750 1805 habeas;
786 1716 815 1787 si
843 1718 979 1801 habeas,
1018 1721 1067 1791 ad

55 1819 317 1962 &tremendam
333 1817 638 1916 liberalitatemque
654 1814 826 1895 conferre
943 1810 956 1850 ’

58 1951 201 2076 Crescit
209 2027 308 2076 amor
324 2002 469 2087 nummi,
490 2002 664 2100 quantum
679 1999 752 2099 ipsa
768 1971 915 2096 pecunia
927 1998 1066 2086 crescit,

56 2101 160 2178 Ει
115 2127 235 2177 mmus
249 2103 338 2184 hanc
355 2120 463 2198 optat,
481 2102 635 2198 quinon
646 2101 760 2173 habet.

109 2277 161 2348 Ut
179 2273 287 2346 multa
313 2273 464 2348 secunda
488 2265 669 2347 moderate
694 2210 848 2360 tulimus,
878 2269 926 2344 sic
944 2271 1069 2346 adver.

57 2397 132 2458 sam,
141 2371 321 2452 ¹fortunam
333 2371 466 2446 fortiter
479 2371 570 2446 ferre
583 2373 760 2475 debemus.

83 2577 85 2582 ·
205 2547 303 2622 Soles
319 2545 476 2620 occidere
488 2565 522 2618 et
535 2545 647 2617 redire
660 2542 823 2640 possunt}

202 2645 315 2722 Nobis
332 2646 417 2720 citm
430 2644 535 2740 semel
554 2643 678 2716 occidit
690 2645 804 2716 brevis
816 2646 887 2730 lux,
940 2671 943 2678 ·

205 2743 292 2814 Nox
310 2759 359 2813 est
375 2744 544 2842 perpetui)
563 2767 632 2814 una
648 2743 861 2819 dormienda.

109 2910 372 3012 Contemplatus
390 2919 478 2990 Cato
491 2919 606 3038 major
623 2918 676 2989 M.
706 2902 803 2990 Curii
820 2917 951 3008 villam,
982 2944 1065 3016 quae

58 3041 130 3090 non
148 3016 254 3113 longe
284 3017 399 3088 aberat
413 3042 432 3087 a
448 3015 524 3102 sui,
559 3016 720 3086 admirari
737 3017 832 3088 satis
840 3040 911 3087 non
929 3035 1068 3113 poterat

57 3117 113 3188 vel
147 3113 345 3188 hominis
336 3116 441 3210 rpsius
474 3114 728 3198 continentiam,
776 3115 830 3188 vel
864 3132 1067 3213 temporum

57 3214 281 3310 disciplinam.
346 3214 438 3286 Huic
474 3213 602 3284 Curio
617 3212 661 3282 ad
695 3210 815 3286 focum
844 3216 1038 3329 sedenti,
1028 3241 1067 3288 ιιι

58 3312 182 3410 agresti
198 3335 361 3398 scamno,
380 3329 415 3381 et
431 3311 545 3407 ligneo
562 3308 679 3382 eatillo
703 3314 863 3397 coenanti,
893 3338 1066 3414 magnum
