2292 3725
550 142 721 231 roo'

131 348 386 446 Epaminondae
422 368 493 423 erat
526 353 713 439 modestus,
750 353 916 448 prudebs,
952 353 1078 451 peritus

81 444 174 533 belli,
203 448 319 520 animo
344 449 522 540 maxim03
549 451 638 524 adeo
672 450 821 525 veritatis
849 453 1009 551 diligens,
1045 472 1078 525 ut

81 570 126 618 ne
163 547 245 644 joco
282 545 422 643 quidem
468 550 679 622 mentiretur.
747 552 845 644 Idem
888 552 1078 638 continens,

80 644 246 734 clemens,
286 646 486 742 patiensque
526 647 766 723 admirandum
822 649 873 721 iu
890 662 892 667 ’
908 649 1084 738 modum3'

79 740 116 814 in
134 742 321 840 primisque
337 744 518 817 commissa
531 745 670 832 celans:
697 748 792 843 quod
809 746 984 820 interdum
1007 771 1077 819 non

79 839 198 913 minus
229 838 381 937 prodest,
416 844 524 939 quam
556 845 681 917 diserte
712 846 836 919 dicere.
898 845 1077 919 Studiosus

78 939 236 1011 audiendi
251 968 262 1031 ;
290 965 334 1011 ex
351 942 419 1013 hoc
436 942 529 1014 enim
541 940 703 1016 facillime
722 944 803 1016 disci
821 944 1061 1020 arbitrabatur.

77 1105 153 1177 Lan
205 1129 258 1193 or,
275 1121 309 1197 et
324 1103 502 1179 immodici.
516 1109 582 1179 sub
599 1108 697 1181 nullo
714 1106 848 1181 vindice
859 1106 983 1195 somni,

66 1298 69 1301 y
167 1203 298 1301 leaque,
317 1223 351 1276 et
369 1207 480 1277 multo
493 1223 649 1300 tempora
667 1204 787 1302 quassa
801 1210 911 1295 mero,

77 1301 238 1399 Eripiunt
253 1327 375 1376 ornnes
391 1303 511 1375 animis
532 1304 606 1376 sine
622 1306 766 1378 vulnere
777 1330 924 1379 nervos:

128 1400 265 1473 Adfluit
281 1401 424 1473 incautis
434 1401 615 1475 insidiosus
632 1428 741 1475 amor.

80 1496 243 1593 Quaeritis
255 1496 449 1595 AEgyathus
460 1492 626 1597 quaresit
642 1500 754 1575 factus
770 1503 933 1577 adulter?

127 1598 168 1671 ln
183 1613 326 1694 promtu
343 1618 535 1675 causaest:
563 1599 752 1675 desidiosus
769 1618 853 1675 erat.

122 1764 227 1842 cum
252 1765 324 1839 duo
348 1766 491 1865 quidam
519 1770 692 1843 Arcades·
706 1768 889 1844 familiares
913 1759 977 1843 iter
1008 1768 1075 1843 una

77 1863 240 1952 facerent,
266 1884 302 1940 et
322 1870 506 1966 Megaram
522 1871 703 1954 venissent,
722 1871 808 1942 alter'
824 1871 868 1942 ad
884 1886 1075 1966 cauponem
1091 1908 1093 1912 ·

77 1965 212 2039 divertit
224 1994 236 2055 3
263 1965 308 2037 ad
324 1965 495 2064 hospitem
521 1968 616 2040 alter.
679 1969 751 2063 Qui
776 1987 815 2040 ut
848 1968 974 2041 coeuati
1004 1968 1075 2064 qui-

74 2066 245 2149 escebant,
276 2083 380 2137 nocte
405 2065 496 2138 visus
521 2082 573 2138 est
594 2065 631 2137 in
657 2065 799 2140 somniis
815 2065 859 2153 ei,
876 2066 936 2162 qui
953 2066 1076 2139 eratin

74 2162 233 2261 bospitio,
260 2159 319 2237 ille
343 2163 431 2236 alter
454 2189 566 2251 orare,
597 2180 637 2238 ut
661 2163 870 2251 subveniret,
896 2163 996 2259 quod
1014 2161 1074 2236 sibi

75 2276 97 2337 'a
125 2287 280 2358 caupone
309 2260 466 2334 interitus
496 2263 704 2358 parabatur:
728 2262 856 2359 primo·
876 2261 1074 2356 perterritus

76 2361 211 2437 somnio
227 2361 401 2443 surrexit:
429 2361 553 2433 deinde
568 2361 655 2433 etim
680 2385 717 2432 se
739 2358 942 2456 collegisset,
971 2360 1073 2457 idque

76 2461 189 2535 uisum
204 2485 269 2556 pro
285 2460 393 2532 nihilo
409 2459 610 2539 habendum
622 2483 695 2532 esse
712 2458 875 2561 duxiaset,
894 2459 1071 2532 recubuit:

69 2559 208 2634 'tumaei
238 2557 420 2632 dormienti
444 2558 537 2631 idem
564 2557 623 2628 ille
654 2557 745 2628 visus
776 2575 827 2628 est
845 2581 991 2654 rogare,
1024 2574 1071 2641 ut,

76 2657 240 2754 quoniam
257 2657 336 2726 'sibi
360 2657 441 2727 vivo
469 2658 541 2727 non
569 2655 793 2741 subvenisset,
811 2673 959 2727 mortem
977 2679 1072 2728 suam

75 2770 121 2830 ‘ne
143 2752 287 2829 inultam
303 2777 377 2824 esse
395 2770 593 2846 pateretur:
620 2780 657 2826 se
674 2751 893 2850 interfectum
909 2751 945 2851 in
963 2753 1070 2848 plaus-

75 2868 170 2926 trum
194 2877 215 2924 a
242 2875 398 2948 caupone
414 2875 487 2922 esse
504 2855 709 2949 conjectum,
741 2869 775 2923 et
809 2851 915 2946 su'pri
944 2870 1073 2926 stercus

74 2948 263 3049 injectum:
303 2967 433 3046 petere,
466 2967 505 3022 ut
537 2950 639 3023 mane
673 2951 717 3020 ad
750 2966 886 3046 portam
930 2951 1067 3034 adesset,

74 3050 276 3146 priusquam
316 3048 508 3142 plaustrum
544 3075 591 3120 ex
632 3047 759 3143 oppido
801 3047 922 3119 exiret.
992 3051 1066 3120 Hoc

75 3146 211 3219 somnio
244 3161 449 3227 commotus,
480 3145 581 3217 mane
608 3145 760 3218 bubulco
785 3147 915 3240 praesto
934 3147 978 3218 ad
996 3171 1067 3241 por·

77 3243 149 3316 tam
163 3240 253 3316 fuit:
281 3240 437 3339 quaesivit
461 3266 508 3314 ex
531 3266 586 3327 eo,
613 3242 696 3338 quid
721 3262 809 3344 esset
834 3241 870 3316 in
895 3245 1063 3341 plaustro:

23 3553 86 3662 N
