2292 3725
516 184 572 273 Μ

40 382 122 454 culo
139 408 203 457 suo
223 385 390 471 loculum,
418 386 548 481 inquo
572 386 705 482 jacebat
731 408 881 483 corpus:
912 383 1054 456 miratus

45 482 129 553 tanti
178 485 328 557 nominis
369 509 500 583 rogem,
543 485 645 555 tantis
680 486 864 581 praeditu‘m
917 483 1054 579 opibus,

44 577 141 751 hpulpl
168 586 351 677 pretiosius
376 585 553 679 sepultum
578 606 665 668 esse,
695 584 802 679 quarn
831 583 858 655 si
889 580 1057 669 fuissete

46 702 105 773 pe
130 705 160 750 e.
194 736 204 754 .

47 826 134 899 Non
151 825 249 899 facile
265 828 426 925 incipient
443 848 555 903 turres
571 830 676 903 uitare
690 830 876 918 columbae,

98 932 212 997 Antra
227 925 325 1016 ferae,
338 932 488 1024 pecudes
503 930 672 1028 gramina,
688 955 830 1029 mergus
847 952 964 1027 aquas.

98 1074 229 1157 Ferunt
244 1058 517 1177 ¹Anaxagoram,
559 1076 716 1153 nuntiati
741 1078 802 1150 filii
832 1092 957 1167 morte,
987 1076 1063 1151 dix·
1123 1082 1124 1135 l

50 1172 140 1247 isse:
167 1174 325 1248 Sciebam
342 1202 400 1249 me
415 1177 574 1276 genuisse
591 1178 784 1249 mortalem.
1124 1158 1125 1209 t

53 1325 123 1397 Sed
140 1302 289 1423 propera
298 1355 310 1414 ;
336 1350 401 1399 nec
418 1344 453 1400 te
469 1345 631 1399 venturas
647 1300 748 1399 differ
756 1325 794 1425 in
808 1325 932 1401 horas:

103 1425 177 1518 Qui
190 1448 266 1510 non
279 1444 331 1499 est
347 1426 463 1515 hodie,
481 1444 554 1499 cras
572 1424 690 1499 minius
705 1425 897 1523 aptus-erit.
918 1474 921 1478 -

102 1548 218 1621 Dolor
264 1575 337 1621 esse
370 1551 505 1624 videtur
536 1550 724 1623 acerrimus
756 1551 871 1625 virtuti
906 1553 1068 1627 adversa·

45 1648 137 1721 rius.
188 1647 281 1720 Huic
297 1646 402 1745 igitur
425 1652 628 1722 succumbet
649 1650 783 1723 virtus?
811 1650 931 1745 Quam
948 1669 1066 1747 turpe,
1131 1680 1132 1747 t

58 1749 94 1820 O
128 1747 189 1821 Dii
220 1746 322 1820 boni!
373 1748 477 1819 Pueri
509 1750 688 1845 Spartiatae
721 1772 793 1821 non
833 1750 1070 1849 ingemiscunt
1131 1756 1133 1827 l

58 1848 258 1922 verberibus
301 1846 424 1920 laniati.
476 1848 761 1922 Adolescentium
803 1873 927 1947 greges
959 1850 1071 1924 Lace-
1133 1831 1134 1924 l

59 1950 219 2020 daemone
251 1947 441 2021 incredibili
486 1947 706 2021 contentione
734 1963 882 2022 'certant
926 1948 1069 2046 pugnis,

60 2045 221 2131 calcibus,
249 2047 438 2143 unguibus,
467 2070 586 2120 morsu
615 2046 774 2145 deinque,
805 2046 852 2120 ita
880 2066 919 2123 ut
952 2047 1072 2120 exani-

53 2161 251 2231 marentur,
268 2148 466 2241 priusquam
484 2169 522 2216 se
538 2142 862 2234 rictos'faterentur.
890 2145 963 2242 Qui
974 2149 1073 2242 apud

62 2246 168 2318 Indos
200 2245 367 2340 sapientes
394 2245 576 2332 habentur,
606 2243 691 2318 nudi
717 2261 853 2318 aetatem
881 2255 1002 2342 agunt,
1038 2263 1076 2318 et

64 2344 210 2418 Caucasi
242 2339 351 2433 niues,
384 2342 650 2441 hyemalemque
680 2341 752 2414 vim
784 2339 964 2438 perferunt
997 2342 1074 2418 sine

64 2444 211 2535 dolore3
237 2445 393 2542 eumque
414 2442 458 2513 ad
474 2441 649 2514 flammam
665 2463 702 2516 se
726 2442 980 2538 applicaverint,
998 2441 1077 2514 sine

64 2542 196 2640 gemitu
212 2543 417 2615 aduruntur.
459 2538 626 2612 Mulieres
642 2540 776 2612 veroin
794 2539 902 2626 Indis,
921 2541 1008 2612 cum
1022 2561 1077 2614 est

66 2635 216 2738 cujusvis
231 2665 352 2712 earum
379 2639 432 2711 vir
454 2656 626 2724 mortuus,
653 2639 690 2710 in
715 2657 889 2712 certamen
916 2639 1077 2727 veniunt,

65 2749 173 2836 quarn
202 2738 396 2835 plurimum
411 2737 470 2810 ille
484 2737 667 2809 dilexerit:
694 2737 811 2832 plures
827 2737 919 2811 enim
932 2737 1081 2834 singulis

31 2850 41 2878 ‘
65 2838 179 2910 solent
203 2861 277 2910 esse
302 2853 431 2932 nuptae.
459 2832 577 2931 'Quae
606 2837 807 2923 astrictus,
836 2861 877 2908 ea
902 2837 982 2916 laeta
1003 2836 1084 2908 und.

67 2961 151 3010 cum
189 2936 265 3008 viro
304 2936 342 3009 in
375 2959 502 3034 rogum
534 2936 747 3032 imponitur:
801 2935 901 3010 rictae
939 2952 1078 3010 moestae

69 3035 261 3110 discedunt.

70 3189 133 3256 133ῖ
149 3168 290 3279 quoque
307 3157 511 3255 cunctarum
527 3179 659 3256 novitas
675 3177 864 3277 gratissima
882 3205 1023 3261 rerum:
1057 3186 1060 3197 '

35 3339 37 3367 2
122 3283 285 3356 Libatum
301 3280 423 3352 liorem
435 3278 555 3350 sedula
569 3276 699 3373 spernit
715 3278 797 3374 apis
1057 3292 1060 3300 ·
