<?xml version="1.0" encoding="UTF-8"?>
<!DOCTYPE html PUBLIC "-//W3C//DTD XHTML 1.0 Transitional//EN"
    "http://www.w3.org/TR/xhtml1/DTD/xhtml1-transitional.dtd">
<html xmlns="http://www.w3.org/1999/xhtml" xml:lang="en" lang="en">
 <head>
  <title>
</title>
<meta http-equiv="Content-Type" content="text/html;charset=utf-8" />
  <meta name='ocr-system' content='tesseract 3.04.00' />
  <meta name='ocr-capabilities' content='ocr_page ocr_carea ocr_par ocr_line ocrx_word'/>
</head>
<body>
  <div class='ocr_page' id='page_1' title='image "./delectussentent04valpgoog_0079.png"; bbox 0 0 2292 3725; ppageno 0'>
   <div class='ocr_carea' id='block_1_1' title="bbox 539 116 594 217">
    <p class='ocr_par' dir='ltr' id='par_1_1' title="bbox 539 116 594 217">
     <span class='ocr_line' id='line_1_1' title="bbox 539 116 594 217; baseline 0 0"><span class='ocrx_word' id='word_1_1' title='bbox 539 116 594 217; x_wconf 68' lang='lat'><strong>65&#39;</strong></span> 
     </span>
    </p>
   </div>
   <div class='ocr_carea' id='block_1_2' title="bbox 61 318 1128 521">
    <p class='ocr_par' dir='ltr' id='par_1_2' title="bbox 61 318 1128 521">
     <span class='ocr_line' id='line_1_2' title="bbox 118 318 1128 478; baseline -0.007 -57"><span class='ocrx_word' id='word_1_2' title='bbox 118 346 213 421; x_wconf 87' lang='lat' dir='ltr'><strong>Eum</strong></span> <span class='ocrx_word' id='word_1_3' title='bbox 231 370 305 432; x_wconf 89' lang='lat' dir='ltr'><strong>nos,</strong></span> <span class='ocrx_word' id='word_1_4' title='bbox 335 341 394 441; x_wconf 89' lang='lat' dir='ltr'><strong>qui</strong></span> <span class='ocrx_word' id='word_1_5' title='bbox 417 360 516 418; x_wconf 81' lang='lat' dir='ltr'><strong>aetate</strong></span> <span class='ocrx_word' id='word_1_6' title='bbox 540 341 658 431; x_wconf 82' lang='lat' dir='ltr'><strong>anteit,</strong></span> <span class='ocrx_word' id='word_1_7' title='bbox 683 318 858 478; x_wconf 80' lang='lat' dir='ltr'><strong>tanquam</strong></span> <span class='ocrx_word' id='word_1_8' title='bbox 863 334 1128 437; x_wconf 86' lang='lat' dir='ltr'><strong>superiorem</strong></span> 
     </span>
     <span class='ocr_line' id='line_1_3' title="bbox 61 445 378 521; baseline -0.007 -2"><span class='ocrx_word' id='word_1_9' title='bbox 61 448 185 519; x_wconf 60' lang='lat' dir='ltr'><strong>holere</strong></span> <span class='ocrx_word' id='word_1_10' title='bbox 202 445 378 521; x_wconf 85' lang='lat' dir='ltr'><strong>debemus.</strong></span> 
     </span>
    </p>
   </div>
   <div class='ocr_carea' id='block_1_3' title="bbox 63 570 851 815">
    <p class='ocr_par' dir='ltr' id='par_1_3' title="bbox 63 570 851 815">
     <span class='ocr_line' id='line_1_4' title="bbox 63 570 851 715; baseline -0.006 -22"><span class='ocrx_word' id='word_1_11' title='bbox 63 608 214 693; x_wconf 82' lang='lat' dir='ltr'><strong>Desinat</strong></span> <span class='ocrx_word' id='word_1_12' title='bbox 225 576 328 693; x_wconf 78' lang='lat' dir='ltr'><strong>elatis</strong></span> <span class='ocrx_word' id='word_1_13' title='bbox 337 617 520 715; x_wconf 88' lang='lat' dir='ltr'><strong>quisquam</strong></span> <span class='ocrx_word' id='word_1_14' title='bbox 535 570 712 693; x_wconf 85' lang='lat' dir='ltr'><strong>conlidere</strong></span> <span class='ocrx_word' id='word_1_15' title='bbox 724 616 851 710; x_wconf 76' lang='lat' dir='ltr'><strong>rebus3</strong></span> 
     </span>
     <span class='ocr_line' id='line_1_5' title="bbox 65 720 451 815; baseline -0.005 -25"><span class='ocrx_word' id='word_1_16' title='bbox 65 720 200 791; x_wconf 87' lang='lat' dir='ltr'><strong>Omnia</strong></span> <span class='ocrx_word' id='word_1_17' title='bbox 216 743 310 791; x_wconf 86' lang='lat' dir='ltr'><strong>mors</strong></span> <span class='ocrx_word' id='word_1_18' title='bbox 326 732 451 815; x_wconf 83' lang='lat' dir='ltr'><strong>aequat.</strong></span> 
     </span>
    </p>
   </div>
   <div class='ocr_carea' id='block_1_4' title="bbox 68 879 1073 986">
    <p class='ocr_par' dir='ltr' id='par_1_4' title="bbox 68 879 1073 986">
     <span class='ocr_line' id='line_1_6' title="bbox 68 879 1073 986; baseline -0.002 -22.895"><span class='ocrx_word' id='word_1_19' title='bbox 68 890 343 978; x_wconf 81' lang='lat' dir='ltr'><strong>Xenocrates,</strong></span> <span class='ocrx_word' id='word_1_20' title='bbox 370 889 456 963; x_wconf 78' lang='lat' dir='ltr'><strong>edm</strong></span> <span class='ocrx_word' id='word_1_21' title='bbox 483 888 587 986; x_wconf 88' lang='lat' dir='ltr'><strong>legati</strong></span> <span class='ocrx_word' id='word_1_22' title='bbox 611 890 655 961; x_wconf 89' lang='lat' dir='ltr'><strong>ab</strong></span> <span class='ocrx_word' id='word_1_23' title='bbox 672 879 876 965; x_wconf 78' lang='lat' dir='ltr'><strong>Alexandro</strong></span> <span class='ocrx_word' id='word_1_24' title='bbox 905 885 1073 985; x_wconf 83' lang='lat' dir='ltr'><strong>quinqua·</strong></span> 
     </span>
    </p>
   </div>
   <div class='ocr_carea' id='block_1_5' title="bbox 61 987 1091 1087">
    <p class='ocr_par' dir='ltr' id='par_1_5' title="bbox 61 987 1091 1087">
     <span class='ocr_line' id='line_1_7' title="bbox 61 987 1091 1087; baseline -0.002 -26"><span class='ocrx_word' id='word_1_25' title='bbox 61 989 162 1087; x_wconf 82' lang='lat' dir='ltr'><strong>ginta</strong></span> <span class='ocrx_word' id='word_1_26' title='bbox 179 1016 209 1065; x_wconf 82' lang='lat' dir='ltr'><strong>er</strong></span> <span class='ocrx_word' id='word_1_27' title='bbox 200 991 347 1061; x_wconf 87' lang='lat' dir='ltr'><strong>talenta</strong></span> <span class='ocrx_word' id='word_1_28' title='bbox 359 988 560 1075; x_wconf 86' lang='lat' dir='ltr'><strong>attulissent,</strong></span> <span class='ocrx_word' id='word_1_29' title='bbox 578 1014 658 1086; x_wconf 81' lang='lat' dir='ltr'><strong>quae</strong></span> <span class='ocrx_word' id='word_1_30' title='bbox 674 987 822 1083; x_wconf 83' lang='lat' dir='ltr'><strong>pecunia</strong></span> <span class='ocrx_word' id='word_1_31' title='bbox 835 1006 905 1062; x_wconf 85' lang='lat' dir='ltr'><strong>erat</strong></span> <span class='ocrx_word' id='word_1_32' title='bbox 922 988 1091 1070; x_wconf 60' lang='grc' dir='ltr'><strong>ιιιιιιὶιιιιιΧ</strong></span> 
     </span>
    </p>
   </div>
   <div class='ocr_carea' id='block_1_6' title="bbox 59 1087 1073 1683">
    <p class='ocr_par' dir='ltr' id='par_1_6' title="bbox 59 1087 1073 1683">
     <span class='ocr_line' id='line_1_8' title="bbox 61 1087 1073 1185; baseline -0.001 -25"><span class='ocrx_word' id='word_1_33' title='bbox 61 1089 278 1184; x_wconf 86' lang='lat' dir='ltr'><strong>temporibus</strong></span> <span class='ocrx_word' id='word_1_34' title='bbox 324 1088 400 1173; x_wconf 91' lang='lat' dir='ltr'><strong>illis,</strong></span> <span class='ocrx_word' id='word_1_35' title='bbox 449 1089 593 1160; x_wconf 89' lang='lat' dir='ltr'><strong>abduxit</strong></span> <span class='ocrx_word' id='word_1_36' title='bbox 625 1090 756 1185; x_wconf 85' lang='lat' dir='ltr'><strong>legatos</strong></span> <span class='ocrx_word' id='word_1_37' title='bbox 788 1087 832 1158; x_wconf 89' lang='lat' dir='ltr'><strong>ad</strong></span> <span class='ocrx_word' id='word_1_38' title='bbox 865 1112 1002 1159; x_wconf 87' lang='lat' dir='ltr'><strong>coenam</strong></span> <span class='ocrx_word' id='word_1_39' title='bbox 1035 1087 1073 1159; x_wconf 93' lang='lat' dir='ltr'><strong>in</strong></span> 
     </span>
     <span class='ocr_line' id='line_1_9' title="bbox 60 1184 1072 1283; baseline -0.002 -24"><span class='ocrx_word' id='word_1_40' title='bbox 60 1186 331 1275; x_wconf 81' lang='lat' dir='ltr'><strong>academiam,</strong></span> <span class='ocrx_word' id='word_1_41' title='bbox 322 1186 430 1283; x_wconf 84' lang='lat' dir='ltr'><strong>risque</strong></span> <span class='ocrx_word' id='word_1_42' title='bbox 476 1188 635 1283; x_wconf 88' lang='lat' dir='ltr'><strong>apposuit</strong></span> <span class='ocrx_word' id='word_1_43' title='bbox 674 1204 807 1259; x_wconf 90' lang='lat' dir='ltr'><strong>tantum</strong></span> <span class='ocrx_word' id='word_1_44' title='bbox 851 1188 947 1282; x_wconf 90' lang='lat' dir='ltr'><strong>quod</strong></span> <span class='ocrx_word' id='word_1_45' title='bbox 993 1184 1072 1261; x_wconf 75' lang='lat' dir='ltr'><strong>satis</strong></span> 
     </span>
     <span class='ocr_line' id='line_1_10' title="bbox 60 1285 1072 1384; baseline -0.003 -25"><span class='ocrx_word' id='word_1_46' title='bbox 60 1304 167 1374; x_wconf 80' lang='lat' dir='ltr'><strong>esset,</strong></span> <span class='ocrx_word' id='word_1_47' title='bbox 199 1286 298 1359; x_wconf 90' lang='lat' dir='ltr'><strong>nullo</strong></span> <span class='ocrx_word' id='word_1_48' title='bbox 337 1304 511 1382; x_wconf 86' lang='lat' dir='ltr'><strong>apparatu.</strong></span> <span class='ocrx_word' id='word_1_49' title='bbox 545 1288 666 1361; x_wconf 90' lang='lat' dir='ltr'><strong>Cum</strong></span> <span class='ocrx_word' id='word_1_50' title='bbox 710 1285 873 1384; x_wconf 82' lang='lat' dir='ltr'><strong>postridie</strong></span> <span class='ocrx_word' id='word_1_51' title='bbox 908 1294 1072 1383; x_wconf 75' lang='lat' dir='ltr'><strong>rogarent</strong></span> 
     </span>
     <span class='ocr_line' id='line_1_11' title="bbox 60 1383 1072 1484; baseline 0 -27"><span class='ocrx_word' id='word_1_52' title='bbox 60 1410 160 1473; x_wconf 90' lang='lat' dir='ltr'><strong>eum,</strong></span> <span class='ocrx_word' id='word_1_53' title='bbox 181 1384 237 1459; x_wconf 83' lang='lat' dir='ltr'><strong>cui</strong></span> <span class='ocrx_word' id='word_1_54' title='bbox 254 1385 428 1459; x_wconf 88' lang='lat' dir='ltr'><strong>numerari</strong></span> <span class='ocrx_word' id='word_1_55' title='bbox 448 1386 629 1480; x_wconf 87' lang='lat' dir='ltr'><strong>pecuniam</strong></span> <span class='ocrx_word' id='word_1_56' title='bbox 650 1388 808 1484; x_wconf 86' lang='lat' dir='ltr'><strong>juberet·</strong></span> <span class='ocrx_word' id='word_1_57' title='bbox 863 1383 983 1480; x_wconf 80' lang='lat' dir='ltr'><strong>Quid?</strong></span> <span class='ocrx_word' id='word_1_58' title='bbox 1008 1408 1072 1457; x_wconf 82' lang='lat' dir='ltr'><strong>vos</strong></span> 
     </span>
     <span class='ocr_line' id='line_1_12' title="bbox 59 1483 1072 1584; baseline 0.004 -29"><span class='ocrx_word' id='word_1_59' title='bbox 59 1484 262 1573; x_wconf 87' lang='lat' dir='ltr'><strong>hesterna,</strong></span> <span class='ocrx_word' id='word_1_60' title='bbox 253 1485 382 1582; x_wconf 78' lang='lat' dir='ltr'><strong>inquit,</strong></span> <span class='ocrx_word' id='word_1_61' title='bbox 394 1485 534 1584; x_wconf 73' lang='lat' dir='ltr'><strong>coenuli</strong></span> <span class='ocrx_word' id='word_1_62' title='bbox 547 1511 619 1557; x_wconf 90' lang='lat' dir='ltr'><strong>non</strong></span> <span class='ocrx_word' id='word_1_63' title='bbox 631 1484 844 1560; x_wconf 80' lang='lat' dir='ltr'><strong>intellexistis</strong></span> <span class='ocrx_word' id='word_1_64' title='bbox 853 1510 919 1559; x_wconf 88' lang='lat' dir='ltr'><strong>me</strong></span> <span class='ocrx_word' id='word_1_65' title='bbox 924 1483 1072 1582; x_wconf 62' lang='lat' dir='ltr'><strong>peanis</strong></span> 
     </span>
     <span class='ocr_line' id='line_1_13' title="bbox 60 1584 285 1683; baseline 0.004 -28"><span class='ocrx_word' id='word_1_66' title='bbox 60 1602 135 1655; x_wconf 90' lang='lat' dir='ltr'><strong>non</strong></span> <span class='ocrx_word' id='word_1_67' title='bbox 155 1584 285 1683; x_wconf 85' lang='lat' dir='ltr'><strong>egere?</strong></span> 
     </span>
    </p>
   </div>
   <div class='ocr_carea' id='block_1_7' title="bbox 59 1754 853 1971">
    <p class='ocr_par' dir='ltr' id='par_1_7' title="bbox 59 1754 853 1930">
     <span class='ocr_line' id='line_1_14' title="bbox 59 1754 853 1853; baseline -0.001 -24"><span class='ocrx_word' id='word_1_68' title='bbox 59 1757 195 1830; x_wconf 88' lang='lat' dir='ltr'><strong>Littora</strong></span> <span class='ocrx_word' id='word_1_69' title='bbox 211 1757 344 1830; x_wconf 87' lang='lat' dir='ltr'><strong>nativos</strong></span> <span class='ocrx_word' id='word_1_70' title='bbox 360 1782 423 1853; x_wconf 91' lang='lat' dir='ltr'><strong>per</strong></span> <span class='ocrx_word' id='word_1_71' title='bbox 438 1782 475 1829; x_wconf 90' lang='lat' dir='ltr'><strong>se</strong></span> <span class='ocrx_word' id='word_1_72' title='bbox 487 1754 574 1828; x_wconf 73' lang='lat' dir='ltr'><strong>&#39;dant</strong></span> <span class='ocrx_word' id='word_1_73' title='bbox 591 1756 680 1851; x_wconf 90' lang='lat' dir='ltr'><strong>picta</strong></span> <span class='ocrx_word' id='word_1_74' title='bbox 697 1756 853 1852; x_wconf 85' lang='lat' dir='ltr'><strong>lapillos:</strong></span> 
     </span>
     <span class='ocr_line' id='line_1_15' title="bbox 110 1854 836 1971; baseline -0.003 -41"><span class='ocrx_word' id='word_1_75' title='bbox 110 1858 159 1930; x_wconf 89' lang='lat' dir='ltr'><strong>Et</strong></span> <span class='ocrx_word' id='word_1_76' title='bbox 176 1855 335 1930; x_wconf 84' lang='lat' dir='ltr'><strong>volucres</strong></span> <span class='ocrx_word' id='word_1_77' title='bbox 350 1854 447 1929; x_wconf 88' lang='lat' dir='ltr'><strong>nulla</strong></span> <span class='ocrx_word' id='word_1_78' title='bbox 460 1856 599 1971; x_wconf 86' lang='lat' dir='ltr'><strong>dulcius</strong></span> <span class='ocrx_word' id='word_1_79' title='bbox 615 1874 686 1928; x_wconf 89' lang='lat' dir='ltr'><strong>arte</strong></span> <span class='ocrx_word' id='word_1_80' title='bbox 700 1876 836 1929; x_wconf 89' lang='lat' dir='ltr'><strong>canunt</strong></span> 
     </span>
    </p>
   </div>
   <div class='ocr_carea' id='block_1_8' title="bbox 59 2022 1063 2284">
    <p class='ocr_par' dir='ltr' id='par_1_8' title="bbox 59 2022 1063 2222">
     <span class='ocr_line' id='line_1_16' title="bbox 111 2022 1063 2138; baseline 0.005 -44"><span class='ocrx_word' id='word_1_81' title='bbox 111 2023 167 2095; x_wconf 94' lang='lat' dir='ltr'><strong>Fit</strong></span> <span class='ocrx_word' id='word_1_82' title='bbox 184 2024 386 2120; x_wconf 89' lang='lat' dir='ltr'><strong>nescioquo</strong></span> <span class='ocrx_word' id='word_1_83' title='bbox 403 2039 517 2120; x_wconf 86' lang='lat' dir='ltr'><strong>pacto,</strong></span> <span class='ocrx_word' id='word_1_84' title='bbox 538 2039 578 2096; x_wconf 88' lang='lat' dir='ltr'><strong>ut</strong></span> <span class='ocrx_word' id='word_1_85' title='bbox 575 2025 703 2138; x_wconf 82' lang='lat' dir='ltr'><strong>mag-is</strong></span> <span class='ocrx_word' id='word_1_86' title='bbox 719 2022 755 2096; x_wconf 91' lang='lat' dir='ltr'><strong>in</strong></span> <span class='ocrx_word' id='word_1_87' title='bbox 770 2023 844 2098; x_wconf 84' lang='lat' dir='ltr'><strong>aliis</strong></span> <span class='ocrx_word' id='word_1_88' title='bbox 871 2048 1063 2113; x_wconf 77' lang='lat' dir='ltr'><strong>cernauuu,</strong></span> 
     </span>
     <span class='ocr_line' id='line_1_17' title="bbox 59 2121 917 2284; baseline 0.001 -91"><span class='ocrx_word' id='word_1_89' title='bbox 59 2121 190 2218; x_wconf 91' lang='lat' dir='ltr'><strong>siquid</strong></span> <span class='ocrx_word' id='word_1_90' title='bbox 207 2122 428 2284; x_wconf 86' lang='lat' dir='ltr'><strong>delinquitur,</strong></span> <span class='ocrx_word' id='word_1_91' title='bbox 449 2147 557 2220; x_wconf 90' lang='lat' dir='ltr'><strong>quam</strong></span> <span class='ocrx_word' id='word_1_92' title='bbox 574 2122 610 2194; x_wconf 90' lang='lat' dir='ltr'><strong>in</strong></span> <span class='ocrx_word' id='word_1_93' title='bbox 623 2123 819 2196; x_wconf 89' lang='lat' dir='ltr'><strong>nobismet</strong></span> <span class='ocrx_word' id='word_1_94' title='bbox 810 2123 917 2221; x_wconf 78' lang='lat' dir='ltr'><strong>ipsis.</strong></span> 
     </span>
    </p>
   </div>
   <div class='ocr_carea' id='block_1_9' title="bbox 44 2261 977 2496">
    <p class='ocr_par' dir='ltr' id='par_1_9' title="bbox 44 2261 977 2496">
     <span class='ocr_line' id='line_1_18' title="bbox 44 2261 782 2396; baseline 0.004 -30"><span class='ocrx_word' id='word_1_95' title='bbox 44 2261 213 2376; x_wconf 66' lang='lat' dir='ltr'><strong>,llivitut</strong></span> <span class='ocrx_word' id='word_1_96' title='bbox 208 2285 341 2396; x_wconf 80' lang='lat' dir='ltr'><strong>exiguo</strong></span> <span class='ocrx_word' id='word_1_97' title='bbox 359 2295 511 2386; x_wconf 78' lang='lat' dir='ltr'><strong>melids3</strong></span> <span class='ocrx_word' id='word_1_98' title='bbox 539 2277 660 2370; x_wconf 87' lang='lat' dir='ltr'><strong>natura</strong></span> <span class='ocrx_word' id='word_1_99' title='bbox 676 2299 782 2372; x_wconf 88' lang='lat' dir='ltr'><strong>beatis</strong></span> 
     </span>
     <span class='ocr_line' id='line_1_19' title="bbox 61 2389 977 2496; baseline 0.003 -30"><span class='ocrx_word' id='word_1_100' title='bbox 61 2389 238 2468; x_wconf 84' lang='lat' dir='ltr'><strong>Omnibus</strong></span> <span class='ocrx_word' id='word_1_101' title='bbox 255 2419 328 2468; x_wconf 86' lang='lat' dir='ltr'><strong>esse</strong></span> <span class='ocrx_word' id='word_1_102' title='bbox 346 2394 503 2482; x_wconf 83' lang='lat' dir='ltr'><strong>dedit,</strong></span> <span class='ocrx_word' id='word_1_103' title='bbox 477 2421 504 2468; x_wconf 77' lang='grc' dir='ltr'><strong>ιι</strong></span> <span class='ocrx_word' id='word_1_104' title='bbox 517 2398 594 2496; x_wconf 90' lang='lat' dir='ltr'><strong>quis</strong></span> <span class='ocrx_word' id='word_1_105' title='bbox 609 2389 812 2496; x_wconf 86' lang='lat' dir='ltr'><strong>cognoverit</strong></span> <span class='ocrx_word' id='word_1_106' title='bbox 828 2396 889 2470; x_wconf 88' lang='lat' dir='ltr'><strong>uti.</strong></span> <span class='ocrx_word' id='word_1_107' title='bbox 971 2414 977 2427; x_wconf 83' lang='lat'><strong>·</strong></span> 
     </span>
    </p>
   </div>
   <div class='ocr_carea' id='block_1_10' title="bbox 57 2581 1068 3080">
    <p class='ocr_par' dir='ltr' id='par_1_10' title="bbox 57 2581 1068 3080">
     <span class='ocr_line' id='line_1_20' title="bbox 109 2581 1068 2684; baseline 0.001 -26"><span class='ocrx_word' id='word_1_108' title='bbox 109 2583 287 2679; x_wconf 85' lang='lat' dir='ltr'><strong>Diogenes</strong></span> <span class='ocrx_word' id='word_1_109' title='bbox 314 2581 518 2656; x_wconf 84' lang='lat' dir='ltr'><strong>Alexandro</strong></span> <span class='ocrx_word' id='word_1_110' title='bbox 546 2585 694 2682; x_wconf 85' lang='lat' dir='ltr'><strong>roganti,</strong></span> <span class='ocrx_word' id='word_1_111' title='bbox 723 2603 761 2657; x_wconf 94' lang='lat' dir='ltr'><strong>ut</strong></span> <span class='ocrx_word' id='word_1_112' title='bbox 788 2583 963 2658; x_wconf 87' lang='lat' dir='ltr'><strong>diceret</strong></span> <span class='ocrx_word' id='word_1_113' title='bbox 937 2607 964 2659; x_wconf 82' lang='lat' dir='ltr'><strong>st</strong></span> <span class='ocrx_word' id='word_1_114' title='bbox 982 2584 1068 2684; x_wconf 87' lang='lat' dir='ltr'><strong>quid</strong></span> 
     </span>
     <span class='ocr_line' id='line_1_21' title="bbox 58 2663 1067 2802; baseline 0.004 -48"><span class='ocrx_word' id='word_1_115' title='bbox 58 2681 124 2754; x_wconf 81' lang='lat' dir='ltr'><strong>sibi</strong></span> <span class='ocrx_word' id='word_1_116' title='bbox 140 2707 228 2777; x_wconf 90' lang='lat' dir='ltr'><strong>opus</strong></span> <span class='ocrx_word' id='word_1_117' title='bbox 245 2699 343 2769; x_wconf 85' lang='lat' dir='ltr'><strong>esset,</strong></span> <span class='ocrx_word' id='word_1_118' title='bbox 362 2684 559 2779; x_wconf 88' lang='lat' dir='ltr'><strong>respondit:</strong></span> <span class='ocrx_word' id='word_1_119' title='bbox 590 2686 627 2756; x_wconf 94' lang='lat' dir='ltr'>N</span> <span class='ocrx_word' id='word_1_120' title='bbox 630 2711 697 2758; x_wconf 91' lang='lat' dir='ltr'><strong>unc</strong></span> <span class='ocrx_word' id='word_1_121' title='bbox 727 2663 868 2782; x_wconf 88' lang='lat' dir='ltr'><strong>quidem</strong></span> <span class='ocrx_word' id='word_1_122' title='bbox 883 2685 1067 2802; x_wconf 79' lang='lat' dir='ltr'><strong>paululum</strong></span> 
     </span>
     <span class='ocr_line' id='line_1_22' title="bbox 58 2777 1066 2901; baseline 0.003 -47"><span class='ocrx_word' id='word_1_123' title='bbox 58 2807 78 2854; x_wconf 90' lang='lat' dir='ltr'><strong>a</strong></span> <span class='ocrx_word' id='word_1_124' title='bbox 113 2781 185 2852; x_wconf 91' lang='lat' dir='ltr'><strong>sole</strong></span> <span class='ocrx_word' id='word_1_125' title='bbox 219 2781 319 2854; x_wconf 88' lang='lat' dir='ltr'><strong>absis.</strong></span> <span class='ocrx_word' id='word_1_126' title='bbox 367 2781 541 2856; x_wconf 87' lang='lat' dir='ltr'><strong>Offecerat</strong></span> <span class='ocrx_word' id='word_1_127' title='bbox 587 2781 744 2859; x_wconf 81' lang='lat' dir='ltr'><strong>videlicet</strong></span> <span class='ocrx_word' id='word_1_128' title='bbox 773 2785 950 2901; x_wconf 77' lang='lat' dir='ltr'><strong>aputanti.</strong></span> <span class='ocrx_word' id='word_1_129' title='bbox 998 2777 1066 2858; x_wconf 86' lang='lat' dir='ltr'><strong>His</strong></span> 
     </span>
     <span class='ocr_line' id='line_1_23' title="bbox 57 2879 1064 2983; baseline 0.007 -32"><span class='ocrx_word' id='word_1_130' title='bbox 57 2879 192 2966; x_wconf 85' lang='lat' dir='ltr'><strong>auditis,</strong></span> <span class='ocrx_word' id='word_1_131' title='bbox 223 2881 445 2956; x_wconf 87' lang='lat' dir='ltr'><strong>Alexander:</strong></span> <span class='ocrx_word' id='word_1_132' title='bbox 473 2883 557 2960; x_wconf 89' lang='lat' dir='ltr'><strong>Nisi</strong></span> <span class='ocrx_word' id='word_1_133' title='bbox 566 2883 767 2960; x_wconf 82' lang='lat' dir='ltr'><strong>Alexander</strong></span> <span class='ocrx_word' id='word_1_134' title='bbox 796 2905 919 2977; x_wconf 86' lang='lat' dir='ltr'><strong>essem,</strong></span> <span class='ocrx_word' id='word_1_135' title='bbox 941 2885 1064 2983; x_wconf 82' lang='lat' dir='ltr'><strong>inquit,</strong></span> 
     </span>
     <span class='ocr_line' id='line_1_24' title="bbox 57 2979 535 3080; baseline 0.009 -30"><span class='ocrx_word' id='word_1_136' title='bbox 57 2979 204 3052; x_wconf 88' lang='lat' dir='ltr'><strong>libenter</strong></span> <span class='ocrx_word' id='word_1_137' title='bbox 221 3005 330 3052; x_wconf 87' lang='lat' dir='ltr'><strong>essem</strong></span> <span class='ocrx_word' id='word_1_138' title='bbox 348 2981 535 3080; x_wconf 84' lang='lat' dir='ltr'><strong>Diogenes.</strong></span> 
     </span>
    </p>
   </div>
   <div class='ocr_carea' id='block_1_11' title="bbox 59 3127 781 3359">
    <p class='ocr_par' dir='ltr' id='par_1_11' title="bbox 59 3127 781 3359">
     <span class='ocr_line' id='line_1_25' title="bbox 59 3127 781 3254; baseline 0 -18"><span class='ocrx_word' id='word_1_139' title='bbox 59 3160 96 3236; x_wconf 88' lang='lat' dir='ltr'><strong>Si</strong></span> <span class='ocrx_word' id='word_1_140' title='bbox 117 3127 276 3242; x_wconf 80' lang='lat' dir='ltr'><strong>numeres</strong></span> <span class='ocrx_word' id='word_1_141' title='bbox 292 3181 382 3236; x_wconf 83' lang='lat' dir='ltr'><strong>anno</strong></span> <span class='ocrx_word' id='word_1_142' title='bbox 398 3161 488 3237; x_wconf 85' lang='lat' dir='ltr'><strong>soles</strong></span> <span class='ocrx_word' id='word_1_143' title='bbox 499 3181 532 3237; x_wconf 89' lang='lat' dir='ltr'><strong>et</strong></span> <span class='ocrx_word' id='word_1_144' title='bbox 549 3161 666 3236; x_wconf 87' lang='lat' dir='ltr'><strong>nubila</strong></span> <span class='ocrx_word' id='word_1_145' title='bbox 679 3174 781 3254; x_wconf 69' lang='lat' dir='ltr'><strong>toto,</strong></span> 
     </span>
     <span class='ocr_line' id='line_1_26' title="bbox 116 3259 781 3359; baseline 0.006 -29"><span class='ocrx_word' id='word_1_146' title='bbox 116 3259 271 3335; x_wconf 88' lang='lat' dir='ltr'><strong>Invenies</strong></span> <span class='ocrx_word' id='word_1_147' title='bbox 287 3262 436 3336; x_wconf 87' lang='lat' dir='ltr'><strong>nitidum</strong></span> <span class='ocrx_word' id='word_1_148' title='bbox 452 3263 579 3359; x_wconf 86' lang='lat' dir='ltr'><strong>saepius</strong></span> <span class='ocrx_word' id='word_1_149' title='bbox 595 3260 661 3335; x_wconf 86' lang='lat' dir='ltr'><strong>isse</strong></span> <span class='ocrx_word' id='word_1_150' title='bbox 679 3263 781 3336; x_wconf 87' lang='lat' dir='ltr'><strong>diem.</strong></span> 
     </span>
    </p>
   </div>
   <div class='ocr_carea' id='block_1_12' title="bbox 1084 85 1126 139">
    <p class='ocr_par' dir='ltr' id='par_1_12' title="bbox 1084 65 1126 164">
     <span class='ocr_line' id='line_1_27' title="bbox 1084 85 1126 139; baseline 0 25"><span class='ocrx_word' id='word_1_151' title='bbox 1084 106 1088 111; x_wconf 88' lang='lat'>·</span> <span class='ocrx_word' id='word_1_152' title='bbox 1124 85 1126 139; x_wconf 69' lang='lat' dir='ltr'><strong>l</strong></span> 
     </span>
    </p>
   </div>
   <div class='ocr_carea' id='block_1_13' title="bbox 1124 211 1127 334">
    <p class='ocr_par' dir='ltr' id='par_1_13' title="bbox 1124 211 1127 334">
     <span class='ocr_line' id='line_1_28' title="bbox 1124 211 1127 334; baseline 0 -60"><span class='ocrx_word' id='word_1_153' title='bbox 1124 211 1127 334; x_wconf 80' lang='lat' dir='ltr'><strong>l</strong></span> 
     </span>
    </p>
   </div>
   <div class='ocr_carea' id='block_1_14' title="bbox 0 0 1150 3725">
    <p class='ocr_par' dir='ltr' id='par_1_14' title="bbox 0 0 1150 3725">
     <span class='ocr_line' id='line_1_29' title="bbox 0 0 1150 3725; baseline 0 1"><span class='ocrx_word' id='word_1_154' title='bbox 0 0 1150 3725; x_wconf 95' lang='lat' dir='ltr'><strong> </strong></span> 
     </span>
    </p>
   </div>
  </div>
 </body>
</html>
