2292 3725
508 50 579 113 102

40 220 137 295 Tum
151 224 267 302 blandi
283 233 383 321 soles,
401 232 587 337 ignotaque
598 236 711 334 prodit
727 235 891 322 hirundo,

93 320 138 395 Et
154 324 286 404 luteum
303 334 477 416 celsd·sub
492 339 589 411 trabe
604 336 705 434 fingit
720 360 818 431 opus.

41 416 144 495 Tunc
160 427 287 519 patitur
303 434 416 506 cultus
431 460 527 533 ager,
539 452 574 508 et
586 450 772 507 renovatur
787 450 901 507 aratro
914 460 926 523 5

91 520 181 597 Haec
197 528 278 601 anni
294 532 426 605 novitas
437 536 516 631 jure
533 530 780 606 vocandafuit.

95 693 194 769 Crim
219 702 471 778 Lacedaemonii
493 705 592 805 gravi
620 706 713 791 bello
744 702 881 777 Atticos
909 724 1046 797 preme·

44 810 134 882 rent,
173 802 470 900 respondissetque
514 805 672 902 Pythius,
708 826 873 900 quorum¹
890 800 967 881 dux
999 800 1044 871 ab

44 888 144 963 hoste
159 914 246 989 esset
258 900 401 987 occisus,
420 928 480 987 eos
492 901 629 976 fumros
645 900 861 1000 superiores,
890 897 1045 985 Codrus,

45 1012 108 1059 rex
122 992 400 1087 Atheniensium,
417 1000 572 1098 depositi
589 1018 682 1074 veste
704 997 809 1095 regit,
838 996 1043 1093 pastoralem
1057 1031 1066 1040 ·

46 1087 184 1200 cultum·
196 1090 316 1181 induit,
334 1097 574 1196 immistusque
599 1099 716 1173 castris
744 1096 908 1183 hostium,
931 1093 1044 1167 rixam
1121 1132 1122 1139 κ

46 1208 150 1273 erens,
178 1190 379 1268 interemtus
395 1216 456 1271 est.
510 1199 671 1272 Codrum
687 1220 771 1271 cum
789 1212 901 1267 morte
916 1212 1045 1265 aetema

47 1284 167 1379 gloria,
187 1292 417 1370 Athenienses
432 1314 550 1371 secuta
565 1296 708 1377 victoria
732 1311 792 1367 est.
847 1290 938 1388 Quis
965 1314 1044 1362 eum

47 1406 120 1497 non
152 1390 311 1497 miretur,
344 1396 405 1491 qui
436 1395 477 1468 iis
508 1396 649 1485 artibus
679 1382 830 1467 mortem
860 1386 1062 1487 quaesierit,¹

48 1486 175 1595 qutbus
192 1488 240 1558 ab,
252 1489 383 1587 ignavis
395 1494 463 1567 vita
479 1496 588 1592 quaeri
604 1492 717 1567 solet?
798 1512 803 1521 ’
1045 1512 1049 1519 ·

48 1647 135 1743 Spes
151 1647 242 1737 facit,
259 1671 300 1739 ut
316 1656 407 1728 vivat
423 1658 555 1731 cinctus
569 1681 711 1753 quoque
726 1653 896 1751 compede
911 1648 1034 1735 fossor,

100 1747 325 1849 Liberaquea
341 1753 434 1828 ferro
452 1782 554 1850 crura
565 1756 682 1829 futura
699 1770 807 1852 putet.

49 1845 138 1920 Haec
148 1845 230 1949 facit
246 1866 297 1940 ut,
315 1853 426 1938 videat
438 1855 524 1929 caim
536 1873 643 1928 terras
661 1853 814 1951 undique
826 1850 938 1924 nullas
987 1850 998 1854 ”

101 1950 314 2049 Naufragus,
331 1953 367 2025 in
384 1955 503 2028 mediis
514 1955 655 2027 brachia
664 1957 767 2050 jactet
779 1951 887 2048 aquis.
965 2003 972 2011 ,

52 2048 153 2143 Saepe
165 2049 315 2145 aliquem
327 2053 434 2125 solers
446 2054 661 2126 medicorum
678 2077 761 2128 cura
772 2047 930 2145 reliquit:
950 2109 964 2132 ,
1040 2101 1045 2116 .

102 2149 188 2218 Non
204 2150 388 2244 spes-‘huiq
401 2150 490 2222 vend
505 2151 699 2240 deficiente,
712 2150 812 2222 cadit.
1057 2145 1061 2160 '

56 2247 208 2323 ,Carcere
228 2247 390 2320 dicuntur
407 2249 512 2322 clausi
525 2273 663 2345 sperare
675 2249 843 2338 salutem;

102 2349 223 2442 Atque
241 2348 371 2444 aliquis,
386 2349 539 2446 pendens
555 2347 592 2430 in
608 2371 721 2432 cruce,
736 2363 817 2420 vota
834 2343 926 2418 facit.

94 2519 369 2609 Themistocles,
402 2541 480 2617 post
505 2521 681 2594 victoriam
716 2523 789 2620 eJus
829 2519 923 2606 belli,
958 2519 1051 2616 quod

56 2642 139 2688 cum
167 2619 280 2689 Persis
296 2619 371 2705 fuit,
394 2621 480 2696 dixit
496 2621 533 2693 in
549 2622 736 2693 concione:
765 2621 810 2691 Se
829 2619 956 2690 habere
972 2643 1051 2690 con·

57 2717 172 2791 silium
202 2714 397 2810 reipublicae
424 2719 583 2806 salutare,
608 2721 668 2790 sed
693 2717 728 2789 id
758 2717 835 2789 sciri
865 2741 952 2812 opus
982 2741 1051 2788 non

57 2840 155 2887 esse:
181 2814 382 2910 postulavit,
399 2834 438 2887 ut
449 2817 600 2914 aliquem
616 2817 767 2912 populus
784 2816 892 2902 daret,
910 2812 1051 2910 quicum

58 2913 339 2986 communicaret.
391 2915 505 2988 Datus
537 2932 588 2987 est
621 2911 802 2988 Aristides.
853 2914 947 2986 Huic
971 2913 1049 2985 ille:

59 3013 217 3084 Classem
250 3013 608 3101 Lacedaemoniorum,
626 3039 705 3109 quae
722 3013 891 3086 subducta
908 3031 996 3085 esset
1011 3013 1052 3085 ad

62 3109 258 3215 Gytheum,
282 3111 373 3184 clam
397 3112 533 3185 incendi
557 3128 682 3208 posse,
716 3136 786 3208 quo
816 3109 908 3186 iacto
942 3108 1051 3210 frangi
