2292 3725
419 128 707 203 19⁶·

76 320 300 408 obruebatur,
317 331 434 417 neque
452 312 570 392 ullum
594 328 730 413 tempus
764 317 881 391 sobrio
908 315 1080 417 relinque-¹

77 423 192 494 batur.
241 418 431 515 Postquam
453 416 492 490 in
519 414 663 514 patriam
687 412 787 487 rediit
807 434 916 514 pater,
944 416 976 489 is
1002 417 1076 489 vitae

78 535 207 596 statum
240 533 492 590 commutatum
526 514 618 589 ferre
648 538 721 589 non
753 516 888 612 potuit3
927 536 1076 613 namque

78 615 224 714 appositi
247 633 345 696 erant
358 616 542 703 custodes,
570 614 630 713 qui
654 638 737 689 eum
767 639 788 687 a
810 614 954 714 pristino
979 613 1076 687 ¹victu
1110 696 1115 707 ι

80 716 303 791 deducerent.
352 716 472 811 Itaque
496 738 534 787 se
564 738 587 795 a
614 714 791 816 superiore
809 731 916 813 'parte
952 712 1077 795 aedium

84 814 218 915 dejecit,
234 831 338 910 atque
354 812 402 889 ita
411 813 550 893 interiit.

33 1026 37 1039 ·
85 986 211 1088 Regia,
222 988 326 1061 crede
342 985 440 1077 mihi,
457 1011 513 1061 res
528 1002 580 1060 est
596 1010 797 1083 succurrere
810 984 934 1085 lapsis:

134 1092 254 1183 Atque
265 1086 380 1159 brevis
396 1110 524 1185 magno
539 1086 701 1167 conuenit
712 1074 763 1160 iia
773 1087 864 1165 niro,
951 1110 971 1180 j

87 1184 307 1283 Conspicitur
325 1209 505 1286 nunquam
521 1185 663 1260 meliore
680 1188 831 1284 potentia
847 1183 967 1276 caust,

138 1286 259 1381 Quem
275 1285 409 1382 quoties
422 1309 528 1360 vanas
543 1309 617 1363 non
638 1285 716 1359 sinit
739 1310 812 1358 esse
827 1310 958 1385 preces.

85 1385 170 1467 Hoc
185 1402 303 1461 tecum
314 1396 500 1459 commune
516 1386 619 1475 De03
647 1384 746 1481 quiid
764 1401 908 1481 uterque
925 1384 1037 1487 rogati

136 1483 357 1584 supplicibus
372 1483 493 1557 vestris
507 1481 599 1564 ferre
616 1484 731 1581 soletis
744 1508 859 1581 opem.

139 1652 379 1733 Clarissimum
421 1654 570 1731 Homeri
618 1654 732 1749 illuxit
778 1656 969 1753 ingenium,
1015 1654 1083 1731 sine

91 1756 253 1854 exemplo
292 1755 509 1847 maximum,
549 1756 609 1855 qui
642 1756 882 1854 magnitudine·
906 1754 1032 1853 operis,
1055 1772 1084 1831 et

89 1853 230 1956 fulgore
245 1856 439 1931 carminum
457 1856 552 1931 soius
567 1855 730 1956 appellari
745 1854 850 1934 Poeta
879 1856 1029 1936 meruit:
1054 1854 1084 1926 in

118 1981 165 2028 uo
190 1956 259 2030 hoc
275 1956 481 2044 maximum,
498 1957 599 2054 quhd
621 1974 829 2053 nequeunte
845 1953 958 2044 illum,
985 1977 1085 2054 quem

31 2139 34 2143 J
92 1982 152 2128 iile
166 2053 371 2145 imitaretur,
387 2080 501 2152 neque
527 2072 606 2152 post
638 2055 750 2141 illum,
782 2053 841 2152 qui
871 2079 953 2133 eum
968 2052 1111 2155 imimm

93 2170 222 2250 posset,
234 2152 393 2228 inventus
406 2173 480 2229 est:
506 2179 621 2252 neque
633 2177 845 2252 quemquam
862 2153 981 2242 alium,
998 2151 1086 2224 ineo

94 2278 213 2350 opere,
233 2256 332 2352 eujus
347 2252 479 2351 primus
500 2271 623 2331 auctor
647 2252 760 2340 fuerit,
792 2249 1083 2349 perfectissimum,

94 2372 221 2450 praeter
237 2354 435 2434 Homerum
450 2367 485 2434 et
500 2353 768 2442 Archilochum,
784 2350 1008 2450 reperiemus,

98 2523 265 2602 Rusticus
280 2527 479 2633 agricolam,
498 2524 596 2605 miles
607 2524 686 2606 'fera
702 2525 793 2616 bella
810 2540 1002 2624 gerentem,

149 2625 338 2698 Rectorem
355 2627 469 2708 dubiae
486 2625 598 2699 navita
610 2625 734 2723 puppis
750 2641 858 2722 amat,

99 2723 159 2796 Tu
175 2749 329 2821 quoque,
344 2724 522 2796 Pieridum
533 2726 659 2811 studio,
678 2725 839 2812 studiose,
859 2723 1008 2816 teneris;

149 2823 361 2926 Ingenioque
372 2819 476 2910 faves,
495 2822 681 2920 ingeniose,
699 2849 801 2897 meo,

151 2995 252 3070 cum
279 2993 457 3083 Chabrias,
495 2997 572 3070 dux
602 2961 878 3083 Atheniensium,
914 2993 1088 3072 fortissimi

104 3095 215 3209 navali
238 3094 359 3209 praelio
384 3114 564 3209 pugnaret,
591 3097 685 3170 navis
710 3099 783 3195 ejus
808 3114 921 3207 rostro
940 3119 1090 3194 percusse

104 3209 209 3293 coeprt
223 3193 345 3271 sidere.
396 3195 490 3282 Hmc
513 3195 601 3268 cuim
616 3192 776 3293 refugere
798 3212 928 3302 posset,
953 3196 981 3280 si
1006 3193 1090 3280 sein
