2292 3725
512 44 611 145 Κιι

76 252 159 325 Sola
175 276 253 349 spes
269 248 498 323 hominunm
514 244 658 321 miseriis
669 230 838 320 consolari
852 248 968 321 debet.

80 352 219 424 Vive
186 376 275 466 prus,
292 350 440 422 moriere
456 348 544 445 pius,

77 450 241 521 Nemo
215 474 287 521 ειιιε
304 448 391 519 ιὶιίῐε
403 447 563 520 nascitur.

76 550 237 644 Tempus
249 550 471 619 edaxrerum
488 563 550 617 εει.

74 646 193 719 Facile
205 647 240 717 in
258 648 399 718 morbos
415 644 571 718 incidunt
586 644 846 718 adolescentes·
1058 654 1083 716 5

74 746 184 819 Pnuci
201 745 343 817 veniunt
358 745 405 815 ad
419 743 641 817 senectutem.
1005 779 1007 782 ·

76 844 172 917 Vitia
184 844 286 917 celari
303 866 374 916 non
393 860 573 939 possunt.-
617 856 623 864 “

75 942 197 1019 Dulce
214 960 264 1015 est
281 960 467 1059 paternum
479 942 605 1016 solum.

76 1042 322 1116 Adolescentis
334 1050 385 1113 εει
401 1043 548 1139 majores
562 1056 646 1113 natu
661 1040 820 1114 revereri

75 1137 234 1215 fortuna
250 1140 420 1214 simillima
435 1158 539 1214 vento
556 1159 619 1214 est.
681 1177 684 1185 ·

77 1240 156 1337 Qui
171 1240 286 1313 nescit
295 1260 337 1313 se
348 1249 501 1334 peccare,
521 1240 647 1337 corrigi
663 1259 735 1310 ιιοιι
751 1240 837 1313 vult.

77 1340 190 1439 Quod
207 1324 268 1412 tibi
279 1340 355 1411 fieri
368 1362 439 1409 non
456 1338 518 1427 vis,
536 1338 633 1411 alteri
649 1361 694 1408 ne
709 1331 843 1412 feceris.

75 1434 198 1511 Nemo
215 1438 412 1511 mortalium
429 1436 592 1552 omnibus
609 1435 703 1508 horis
721 1437 818 1533 sapit.
883 1464 887 1470 ·

75 1538 220 1611 Pudore
236 1536 370 1623 amisso,
385 1534 497 1607 omnis
513 1537 622 1609 virtus
637 1534 717 1607 ruit.

76 1636 229 1709 Vitanda
241 1654 290 1711 εει
306 1637 464 1731 improba
480 1635 595 1723 Siren,
607 1633 745 1709 desidia.

79 1736 118 1807 Ο
136 1735 216 1808 rus!
242 1737 381 1833 quando
398 1758 464 1830 ego
480 1752 516 1806 ιε
531 1732 761 1830 aspiciam?

76 1826 193 1908 vilius
206 1852 397 1934 argentum
408 1847 459 1906 est
474 1856 572 1922 auro,
589 1832 771 1907 virtutibus
787 1854 922 1908 summ.
1037 1859 1040 1863 “
1071 1853 1073 1862 ’

74 1933 249 2013 Animum
266 1959 359 2048 rege,
379 1935 450 2030 qui,
468 1933 531 2004 nisi
548 1951 658 2028 paret,
673 1933 827 2029 imperat.

74 2034 200 2110 Plures
216 2050 315 2106 necat
332 2033 462 2146 lingua,
479 2031 587 2128 quam
603 2031 749 2128 gladius,

77 2133 180 2206 Dum
198 2131 275 2206 felis
293 2131 430 2214 dormit,
450 2130 574 2204 saliun't
598 2153 726 2204 mures.
1037 2143 1087 2204 20

77 2231 188 2306 Disce
203 2255 311 2329 parvo
329 2255 401 2319 esse
419 2247 610 2302 contentus.
1089 2261 1093 2268 ’

76 2331 278 2406 Parturiunt
265 2346 438 2417 montes,
454 2333 613 2401 noscetur
629 2305 793 2402 ridiculus
809 2352 898 2402 mus.

79 2433 153 2504 Εει
161 2417 320 2545 profecto
338 2429 449 2516 Deus,
466 2427 527 2544 qui
544 2453 624 2525 quae
640 2427 792 2524 gerimus
807 2427 902 2499 audit
930 2443 964 2500 et
979 2427 1084 2503 videt.

82 2528 301 2602 verecundia
318 2527 477 2598 bonum
467 2552 503 2597 ιιι
513 2525 778 2601 adolescente
752 2548 890 2624 signum
905 2539 1000 2608 εει.

80 2631 244 2726 Quatuor
260 2628 340 2700 ειιιιι
356 2625 562 2712 εΙειιιειιιι,’
553 2626 651 2723 ignis,
669 2630 741 2711 air,
755 2642 856 2712 terra,
875 2646 974 2724 aqua.
1039 2639 1086 2700 25

79 2731 240 2802 Mentem
257 2723 405 2797 hominis
421 2742 586 2822 spectato,
601 2749 674 2796 non
689 2723 871 2797 frontem.

82 2826 239 2910 Coelum‚
279 2847 352 2896 ιιοιι
383 2825 550 2912 animum,
583 2841 731 2912 mutant,
771 2823 840 2922 qui
867 2834 961 2898 'trans
992 2848 1088 2930 mare

186 2945 342 3010 currunt.
1100 2975 1103 2978 -

83 3027 179 3113 Heu,
198 3021 306 3122 quim
323 3021 458 3098 difficile
474 2999 525 3096 est
541 3019 672 3095 crimen
695 3043 766 3098 non
782 3022 932 3119 prodere
945 2950 1066 3097 vultu'
