<?xml version="1.0" encoding="UTF-8"?>
<!DOCTYPE html PUBLIC "-//W3C//DTD XHTML 1.0 Transitional//EN"
    "http://www.w3.org/TR/xhtml1/DTD/xhtml1-transitional.dtd">
<html xmlns="http://www.w3.org/1999/xhtml" xml:lang="en" lang="en">
 <head>
  <title>
</title>
<meta http-equiv="Content-Type" content="text/html;charset=utf-8" />
  <meta name='ocr-system' content='tesseract 3.04.00' />
  <meta name='ocr-capabilities' content='ocr_page ocr_carea ocr_par ocr_line ocrx_word'/>
</head>
<body>
  <div class='ocr_page' id='page_1' title='image "./delectussentent04valpgoog_0041.png"; bbox 0 0 2292 3725; ppageno 0'>
   <div class='ocr_carea' id='block_1_1' title="bbox 106 132 1108 563">
    <p class='ocr_par' dir='ltr' id='par_1_1' title="bbox 106 132 1108 531">
     <span class='ocr_line' id='line_1_1' title="bbox 588 132 645 221; baseline 0 0"><span class='ocrx_word' id='word_1_1' title='bbox 588 132 645 221; x_wconf 70' lang='lat'>29</span> 
     </span>
     <span class='ocr_line' id='line_1_2' title="bbox 106 295 1108 430; baseline 0 -21"><span class='ocrx_word' id='word_1_2' title='bbox 106 296 270 409; x_wconf 85' lang='lat' dir='ltr'>Carmina</span> <span class='ocrx_word' id='word_1_3' title='bbox 282 295 423 430; x_wconf 71' lang='lat' dir='ltr'>Pairilus</span> <span class='ocrx_word' id='word_1_4' title='bbox 448 330 552 407; x_wconf 67' lang='lat' dir='ltr'>emite</span> <span class='ocrx_word' id='word_1_5' title='bbox 572 329 691 407; x_wconf 62' lang='lat' dir='ltr'>recitet</span> <span class='ocrx_word' id='word_1_6' title='bbox 704 332 928 409; x_wconf 68' lang='lat' dir='ltr'>suazamina</span> <span class='ocrx_word' id='word_1_7' title='bbox 941 321 1108 409; x_wconf 65' lang='lat' dir='ltr'>horus:</span> 
     </span>
     <span class='ocr_line' id='line_1_3' title="bbox 132 432 959 563; baseline -0.004 -54.925"><span class='ocrx_word' id='word_1_8' title='bbox 132 436 248 509; x_wconf 83' lang='lat' dir='ltr'>Nam</span> <span class='ocrx_word' id='word_1_9' title='bbox 264 434 359 531; x_wconf 91' lang='lat' dir='ltr'>quod</span> <span class='ocrx_word' id='word_1_10' title='bbox 377 456 483 521; x_wconf 83' lang='lat' dir='ltr'>emas,</span> <span class='ocrx_word' id='word_1_11' title='bbox 495 432 603 563; x_wconf 72' lang='lat' dir='ltr'>possis</span> <span class='ocrx_word' id='word_1_12' title='bbox 619 434 758 507; x_wconf 85' lang='lat' dir='ltr'>dicere</span> <span class='ocrx_word' id='word_1_13' title='bbox 745 450 835 531; x_wconf 80' lang='lat' dir='ltr'>Jure</span> <span class='ocrx_word' id='word_1_14' title='bbox 849 449 959 507; x_wconf 86' lang='lat' dir='ltr'>tuom.</span> 
     </span>
    </p>
   </div>
   <div class='ocr_carea' id='block_1_2' title="bbox 101 597 1109 787">
    <p class='ocr_par' dir='ltr' id='par_1_2' title="bbox 101 597 1109 787">
     <span class='ocr_line' id='line_1_4' title="bbox 153 597 1109 713; baseline -0.002 -38"><span class='ocrx_word' id='word_1_15' title='bbox 153 597 288 675; x_wconf 81' lang='lat' dir='ltr'><strong>Confer</strong></span> <span class='ocrx_word' id='word_1_16' title='bbox 312 618 465 691; x_wconf 81' lang='lat' dir='ltr'>nostram</span> <span class='ocrx_word' id='word_1_17' title='bbox 490 598 723 713; x_wconf 82' lang='lat' dir='ltr'><strong>longissimam</strong></span> <span class='ocrx_word' id='word_1_18' title='bbox 753 616 889 673; x_wconf 84' lang='lat' dir='ltr'>aetatem</span> <span class='ocrx_word' id='word_1_19' title='bbox 913 622 997 674; x_wconf 82' lang='lat' dir='ltr'>cum</span> <span class='ocrx_word' id='word_1_20' title='bbox 1012 616 1109 677; x_wconf 72' lang='lat' dir='ltr'>ater·</span> 
     </span>
     <span class='ocr_line' id='line_1_5' title="bbox 101 698 711 787; baseline -0.003 -14"><span class='ocrx_word' id='word_1_21' title='bbox 101 699 220 787; x_wconf 85' lang='lat' dir='ltr'>nitate,</span> <span class='ocrx_word' id='word_1_22' title='bbox 236 716 271 771; x_wconf 88' lang='lat' dir='ltr'>et</span> <span class='ocrx_word' id='word_1_23' title='bbox 287 698 479 770; x_wconf 86' lang='lat' dir='ltr'>invenietur</span> <span class='ocrx_word' id='word_1_24' title='bbox 499 698 711 771; x_wconf 72' lang='lat' dir='ltr'>brevissima,</span> 
     </span>
    </p>
   </div>
   <div class='ocr_carea' id='block_1_3' title="bbox 101 849 944 1069">
    <p class='ocr_par' dir='ltr' id='par_1_3' title="bbox 101 849 944 1069">
     <span class='ocr_line' id='line_1_6' title="bbox 101 849 877 969; baseline -0.004 -24"><span class='ocrx_word' id='word_1_25' title='bbox 101 870 279 969; x_wconf 76' lang='lat' dir='ltr'>Principiis</span> <span class='ocrx_word' id='word_1_26' title='bbox 295 872 418 961; x_wconf 74' lang='lat' dir='ltr'>obeta3</span> <span class='ocrx_word' id='word_1_27' title='bbox 445 869 525 945; x_wconf 72' lang='lat' dir='ltr'>seri&gt;</span> <span class='ocrx_word' id='word_1_28' title='bbox 543 849 712 944; x_wconf 81' lang='lat' dir='ltr'>medicioa</span> <span class='ocrx_word' id='word_1_29' title='bbox 727 889 877 967; x_wconf 81' lang='lat' dir='ltr'>paratur,</span> 
     </span>
     <span class='ocr_line' id='line_1_7' title="bbox 153 968 944 1069; baseline -0.001 -24"><span class='ocrx_word' id='word_1_30' title='bbox 153 972 250 1045; x_wconf 76' lang='lat' dir='ltr'>Cirm</span> <span class='ocrx_word' id='word_1_31' title='bbox 269 971 360 1043; x_wconf 81' lang='lat' dir='ltr'>mala</span> <span class='ocrx_word' id='word_1_32' title='bbox 374 968 438 1067; x_wconf 86' lang='lat' dir='ltr'>per</span> <span class='ocrx_word' id='word_1_33' title='bbox 450 971 570 1069; x_wconf 81' lang='lat' dir='ltr'>longas</span> <span class='ocrx_word' id='word_1_34' title='bbox 583 970 789 1044; x_wconf 86' lang='lat' dir='ltr'>convaluere</span> <span class='ocrx_word' id='word_1_35' title='bbox 801 994 944 1044; x_wconf 74' lang='lat' dir='ltr'>morae.-</span> 
     </span>
    </p>
   </div>
   <div class='ocr_carea' id='block_1_4' title="bbox 99 1124 1105 1329">
    <p class='ocr_par' dir='ltr' id='par_1_4' title="bbox 99 1124 1105 1329">
     <span class='ocr_line' id='line_1_8' title="bbox 150 1124 1105 1235; baseline -0.003 -26"><span class='ocrx_word' id='word_1_36' title='bbox 150 1138 235 1209; x_wconf 93' lang='lat' dir='ltr'>Non</span> <span class='ocrx_word' id='word_1_37' title='bbox 252 1137 418 1217; x_wconf 84' lang='lat' dir='ltr'>debemus</span> <span class='ocrx_word' id='word_1_38' title='bbox 434 1124 625 1235; x_wconf 69' lang='lat' dir='ltr'>quidquem</span> <span class='ocrx_word' id='word_1_39' title='bbox 649 1159 763 1232; x_wconf 80' lang='lat' dir='ltr'>agere,</span> <span class='ocrx_word' id='word_1_40' title='bbox 794 1138 894 1235; x_wconf 78' lang='lat' dir='ltr'>cujus</span> <span class='ocrx_word' id='word_1_41' title='bbox 924 1156 999 1207; x_wconf 85' lang='lat' dir='ltr'>non</span> <span class='ocrx_word' id='word_1_42' title='bbox 1027 1150 1105 1231; x_wconf 79' lang='lat' dir='ltr'>pot·</span> 
     </span>
     <span class='ocr_line' id='line_1_9' title="bbox 99 1235 528 1329; baseline 0.002 -22"><span class='ocrx_word' id='word_1_43' title='bbox 99 1235 205 1311; x_wconf 80' lang='lat' dir='ltr'>simus</span> <span class='ocrx_word' id='word_1_44' title='bbox 218 1260 355 1329; x_wconf 83' lang='lat' dir='ltr'>causam</span> <span class='ocrx_word' id='word_1_45' title='bbox 371 1235 528 1308; x_wconf 85' lang='lat' dir='ltr'>reddere.</span> 
     </span>
    </p>
   </div>
   <div class='ocr_carea' id='block_1_5' title="bbox 99 1410 1093 1611">
    <p class='ocr_par' dir='ltr' id='par_1_5' title="bbox 99 1410 1093 1611">
     <span class='ocr_line' id='line_1_10' title="bbox 99 1410 1093 1512; baseline -0.002 -24"><span class='ocrx_word' id='word_1_46' title='bbox 99 1410 162 1489; x_wconf 84' lang='lat' dir='ltr'>Est</span> <span class='ocrx_word' id='word_1_47' title='bbox 179 1415 304 1487; x_wconf 89' lang='lat' dir='ltr'>modus</span> <span class='ocrx_word' id='word_1_48' title='bbox 320 1412 499 1505; x_wconf 73' lang='lat' dir='ltr'>inrebm3</span> <span class='ocrx_word' id='word_1_49' title='bbox 527 1433 608 1487; x_wconf 88' lang='lat' dir='ltr'>sunt</span> <span class='ocrx_word' id='word_1_50' title='bbox 624 1414 709 1489; x_wconf 87' lang='lat' dir='ltr'>certi</span> <span class='ocrx_word' id='word_1_51' title='bbox 725 1414 873 1512; x_wconf 87' lang='lat' dir='ltr'>denique</span> <span class='ocrx_word' id='word_1_52' title='bbox 890 1415 988 1503; x_wconf 82' lang='lat' dir='ltr'>fines,</span> <span class='ocrx_word' id='word_1_53' title='bbox 1037 1476 1041 1486; x_wconf 91' lang='grc'><em>,</em></span> <span class='ocrx_word' id='word_1_54' title='bbox 1089 1436 1093 1442; x_wconf 90' lang='grc'><strong><em>·</em></strong></span> 
     </span>
     <span class='ocr_line' id='line_1_11' title="bbox 100 1514 968 1611; baseline -0.002 -24"><span class='ocrx_word' id='word_1_55' title='bbox 100 1516 202 1609; x_wconf 70' lang='lat' dir='ltr'>Quos</span> <span class='ocrx_word' id='word_1_56' title='bbox 218 1515 308 1585; x_wconf 85' lang='lat' dir='ltr'>ultra</span> <span class='ocrx_word' id='word_1_57' title='bbox 321 1514 473 1609; x_wconf 79' lang='lat' dir='ltr'>citraque</span> <span class='ocrx_word' id='word_1_58' title='bbox 489 1514 610 1611; x_wconf 83' lang='lat' dir='ltr'>nequit</span> <span class='ocrx_word' id='word_1_59' title='bbox 624 1514 809 1587; x_wconf 76' lang='lat' dir='ltr'>consistere</span> <span class='ocrx_word' id='word_1_60' title='bbox 821 1531 968 1587; x_wconf 84' lang='lat' dir='ltr'>rectum</span> 
     </span>
    </p>
   </div>
   <div class='ocr_carea' id='block_1_6' title="bbox 96 1681 1104 1890">
    <p class='ocr_par' dir='ltr' id='par_1_6' title="bbox 96 1681 1104 1890">
     <span class='ocr_line' id='line_1_12' title="bbox 120 1681 1104 1807; baseline -0.004 -41.879"><span class='ocrx_word' id='word_1_61' title='bbox 120 1681 238 1793; x_wconf 78' lang='lat' dir='ltr'>Quis</span> <span class='ocrx_word' id='word_1_62' title='bbox 256 1711 318 1781; x_wconf 86' lang='lat' dir='ltr'>est,</span> <span class='ocrx_word' id='word_1_63' title='bbox 337 1694 492 1807; x_wconf 84' lang='lat' dir='ltr'>quamvis</span> <span class='ocrx_word' id='word_1_64' title='bbox 514 1694 555 1767; x_wconf 86' lang='lat' dir='ltr'>sit</span> <span class='ocrx_word' id='word_1_65' title='bbox 572 1694 782 1780; x_wconf 82' lang='lat' dir='ltr'>adolescens,</span> <span class='ocrx_word' id='word_1_66' title='bbox 813 1692 873 1791; x_wconf 85' lang='lat' dir='ltr'>qui</span> <span class='ocrx_word' id='word_1_67' title='bbox 896 1692 980 1766; x_wconf 79' lang='lat' dir='ltr'>sciat</span> <span class='ocrx_word' id='word_1_68' title='bbox 994 1714 1032 1765; x_wconf 81' lang='lat' dir='ltr'>se</span> <span class='ocrx_word' id='word_1_69' title='bbox 1058 1690 1104 1763; x_wconf 84' lang='lat' dir='ltr'>ad</span> 
     </span>
     <span class='ocr_line' id='line_1_13' title="bbox 96 1791 584 1890; baseline 0 -25"><span class='ocrx_word' id='word_1_70' title='bbox 96 1816 290 1890; x_wconf 79' lang='lat' dir='ltr'>vesperum</span> <span class='ocrx_word' id='word_1_71' title='bbox 296 1816 369 1874; x_wconf 76' lang='lat' dir='ltr'>esse</span> <span class='ocrx_word' id='word_1_72' title='bbox 384 1791 624 1866; x_wconf 84' lang='lat' dir='ltr'>victurum?</span> 
     </span>
    </p>
   </div>
   <div class='ocr_carea' id='block_1_7' title="bbox 98 1954 989 2154">
    <p class='ocr_par' dir='ltr' id='par_1_7' title="bbox 98 1954 989 2154">
     <span class='ocr_line' id='line_1_14' title="bbox 98 1954 989 2071; baseline -0.002 -43"><span class='ocrx_word' id='word_1_73' title='bbox 98 1957 244 2028; x_wconf 84' lang='lat' dir='ltr'>Hostem</span> <span class='ocrx_word' id='word_1_74' title='bbox 262 1957 346 2034; x_wconf 74' lang='lat' dir='ltr'>crim</span> <span class='ocrx_word' id='word_1_75' title='bbox 364 1955 510 2056; x_wconf 84' lang='lat' dir='ltr'>fugeret,</span> <span class='ocrx_word' id='word_1_76' title='bbox 529 1981 567 2029; x_wconf 86' lang='lat' dir='ltr'>se</span> <span class='ocrx_word' id='word_1_77' title='bbox 578 1956 755 2030; x_wconf 81' lang='lat' dir='ltr'>Fannius</span> <span class='ocrx_word' id='word_1_78' title='bbox 745 1981 818 2051; x_wconf 77' lang='lat' dir='ltr'>ipse</span> <span class='ocrx_word' id='word_1_79' title='bbox 833 1954 989 2071; x_wconf 85' lang='lat' dir='ltr'>peremit.</span> 
     </span>
     <span class='ocr_line' id='line_1_15' title="bbox 142 2053 989 2154; baseline -0.002 -26"><span class='ocrx_word' id='word_1_80' title='bbox 142 2056 226 2143; x_wconf 71' lang='lat' dir='ltr'>Hic,</span> <span class='ocrx_word' id='word_1_81' title='bbox 238 2081 340 2154; x_wconf 82' lang='lat' dir='ltr'>rogo,</span> <span class='ocrx_word' id='word_1_82' title='bbox 357 2078 428 2129; x_wconf 84' lang='lat' dir='ltr'>oon</span> <span class='ocrx_word' id='word_1_83' title='bbox 440 2053 539 2130; x_wconf 82' lang='lat' dir='ltr'>furor</span> <span class='ocrx_word' id='word_1_84' title='bbox 556 2072 620 2144; x_wconf 77' lang='lat' dir='ltr'>eet,</span> <span class='ocrx_word' id='word_1_85' title='bbox 636 2056 851 2140; x_wconf 80' lang='lat' dir='ltr'>nemoriare,</span> <span class='ocrx_word' id='word_1_86' title='bbox 871 2055 989 2130; x_wconf 82' lang='lat' dir='ltr'>mori?</span> 
     </span>
    </p>
   </div>
   <div class='ocr_carea' id='block_1_8' title="bbox 95 2223 1117 2514">
    <p class='ocr_par' dir='ltr' id='par_1_8' title="bbox 95 2223 1117 2514">
     <span class='ocr_line' id='line_1_16' title="bbox 144 2223 1101 2346; baseline -0.002 -46"><span class='ocrx_word' id='word_1_87' title='bbox 144 2231 221 2300; x_wconf 90' lang='lat' dir='ltr'>In</span> <span class='ocrx_word' id='word_1_88' title='bbox 212 2255 362 2306; x_wconf 73' lang='lat' dir='ltr'>summo</span> <span class='ocrx_word' id='word_1_89' title='bbox 416 2223 621 2346; x_wconf 84' lang='lat' dir='ltr'>imperatore</span> <span class='ocrx_word' id='word_1_90' title='bbox 662 2247 812 2326; x_wconf 80' lang='lat' dir='ltr'>quatuor</span> <span class='ocrx_word' id='word_1_91' title='bbox 849 2229 905 2301; x_wconf 77' lang='lat' dir='ltr'>hae</span> <span class='ocrx_word' id='word_1_92' title='bbox 957 2225 1101 2300; x_wconf 86' lang='lat' dir='ltr'>virtutes</span> 
     </span>
     <span class='ocr_line' id='line_1_17' title="bbox 96 2328 1117 2446; baseline -0.002 -46"><span class='ocrx_word' id='word_1_93' title='bbox 96 2328 203 2402; x_wconf 84' lang='lat' dir='ltr'>inesse</span> <span class='ocrx_word' id='word_1_94' title='bbox 219 2331 371 2402; x_wconf 89' lang='lat' dir='ltr'>debent.</span> <span class='ocrx_word' id='word_1_95' title='bbox 379 2329 538 2404; x_wconf 84' lang='lat' dir='ltr'>scientia</span> <span class='ocrx_word' id='word_1_96' title='bbox 565 2328 617 2400; x_wconf 89' lang='lat' dir='ltr'>rei</span> <span class='ocrx_word' id='word_1_97' title='bbox 641 2329 804 2446; x_wconf 75' lang='lat' dir='ltr'>militariS,</span> <span class='ocrx_word' id='word_1_98' title='bbox 834 2329 955 2414; x_wconf 79' lang='lat' dir='ltr'>virtus,</span> <span class='ocrx_word' id='word_1_99' title='bbox 984 2342 1117 2400; x_wconf 75' lang='lat' dir='ltr'>aucto·</span> 
     </span>
     <span class='ocr_line' id='line_1_18' title="bbox 95 2425 365 2514; baseline 0.008 -16"><span class='ocrx_word' id='word_1_100' title='bbox 95 2427 183 2514; x_wconf 78' lang='lat' dir='ltr'>ritas,</span> <span class='ocrx_word' id='word_1_101' title='bbox 198 2425 365 2502; x_wconf 63' lang='grc' dir='ltr'>ἷεΙίιίιιεζ</span> 
     </span>
    </p>
   </div>
   <div class='ocr_carea' id='block_1_9' title="bbox 97 2598 949 2796">
    <p class='ocr_par' dir='ltr' id='par_1_9' title="bbox 97 2598 949 2796">
     <span class='ocr_line' id='line_1_19' title="bbox 97 2598 949 2716; baseline -0.001 -42"><span class='ocrx_word' id='word_1_102' title='bbox 97 2600 230 2689; x_wconf 74' lang='lat' dir='ltr'>cernis,</span> <span class='ocrx_word' id='word_1_103' title='bbox 248 2617 286 2672; x_wconf 89' lang='lat' dir='ltr'>ut</span> <span class='ocrx_word' id='word_1_104' title='bbox 303 2600 466 2715; x_wconf 83' lang='lat' dir='ltr'>ignavum</span> <span class='ocrx_word' id='word_1_105' title='bbox 483 2617 707 2716; x_wconf 77' lang='lat' dir='ltr'>corrumpant</span> <span class='ocrx_word' id='word_1_106' title='bbox 724 2598 792 2672; x_wconf 84' lang='lat' dir='ltr'>otia</span> <span class='ocrx_word' id='word_1_107' title='bbox 806 2623 949 2695; x_wconf 81' lang='lat' dir='ltr'>corpus,</span> 
     </span>
     <span class='ocr_line' id='line_1_20' title="bbox 143 2699 906 2796; baseline 0 -24"><span class='ocrx_word' id='word_1_108' title='bbox 143 2699 195 2772; x_wconf 90' lang='lat' dir='ltr'>Ut</span> <span class='ocrx_word' id='word_1_109' title='bbox 213 2700 344 2794; x_wconf 87' lang='lat' dir='ltr'>capiant</span> <span class='ocrx_word' id='word_1_110' title='bbox 361 2699 495 2788; x_wconf 81' lang='lat' dir='ltr'>vitium,</span> <span class='ocrx_word' id='word_1_111' title='bbox 509 2700 545 2772; x_wconf 89' lang='lat' dir='ltr'>ni</span> <span class='ocrx_word' id='word_1_112' title='bbox 561 2717 775 2786; x_wconf 87' lang='lat' dir='ltr'>moveantur,</span> <span class='ocrx_word' id='word_1_113' title='bbox 794 2723 906 2796; x_wconf 81' lang='lat' dir='ltr'><strong>aquae.</strong></span> 
     </span>
    </p>
   </div>
   <div class='ocr_carea' id='block_1_10' title="bbox 90 2850 1096 3118">
    <p class='ocr_par' dir='ltr' id='par_1_10' title="bbox 95 2850 1096 3066">
     <span class='ocr_line' id='line_1_21' title="bbox 141 2850 1096 2958; baseline 0.002 -16"><span class='ocrx_word' id='word_1_114' title='bbox 141 2869 328 2942; x_wconf 82' lang='lat' dir='ltr'>Utrum</span> <span class='ocrx_word' id='word_1_115' title='bbox 296 2895 423 2957; x_wconf 78' lang='lat' dir='ltr'>virere,</span> <span class='ocrx_word' id='word_1_116' title='bbox 441 2897 485 2943; x_wconf 87' lang='lat' dir='ltr'>an</span> <span class='ocrx_word' id='word_1_117' title='bbox 513 2870 603 2944; x_wconf 88' lang='lat' dir='ltr'>mori</span> <span class='ocrx_word' id='word_1_118' title='bbox 632 2869 675 2943; x_wconf 81' lang='lat' dir='ltr'>sit</span> <span class='ocrx_word' id='word_1_119' title='bbox 704 2869 840 2958; x_wconf 83' lang='lat' dir='ltr'>melius,</span> <span class='ocrx_word' id='word_1_120' title='bbox 869 2871 969 2944; x_wconf 85' lang='lat' dir='ltr'>Deus</span> <span class='ocrx_word' id='word_1_121' title='bbox 1009 2850 1096 2944; x_wconf 80' lang='lat' dir='ltr'>scit:</span> 
     </span>
     <span class='ocr_line' id='line_1_22' title="bbox 90 2967 911 3118; baseline 0.001 -79.006"><span class='ocrx_word' id='word_1_122' title='bbox 90 2967 270 3042; x_wconf 87' lang='lat' dir='ltr'>hominem</span> <span class='ocrx_word' id='word_1_123' title='bbox 288 2969 429 3118; x_wconf 76' lang='lat' dir='ltr'>qoidem</span> <span class='ocrx_word' id='word_1_124' title='bbox 445 2971 591 3046; x_wconf 84' lang='lat' dir='ltr'>arbitror</span> <span class='ocrx_word' id='word_1_125' title='bbox 607 2971 694 3043; x_wconf 89' lang='lat' dir='ltr'>scire</span> <span class='ocrx_word' id='word_1_126' title='bbox 709 2969 911 3043; x_wconf 85' lang='lat' dir='ltr'>neminem</span> 
     </span>
    </p>
   </div>
   <div class='ocr_carea' id='block_1_11' title="bbox 98 3113 971 3337">
    <p class='ocr_par' dir='ltr' id='par_1_11' title="bbox 98 3113 971 3337">
     <span class='ocr_line' id='line_1_23' title="bbox 102 3113 971 3252; baseline 0.005 -43.193"><span class='ocrx_word' id='word_1_127' title='bbox 102 3135 241 3210; x_wconf 79' lang='lat' dir='ltr'>Vitiis</span> <span class='ocrx_word' id='word_1_128' title='bbox 256 3113 362 3252; x_wconf 80' lang='lat' dir='ltr'>nemo</span> <span class='ocrx_word' id='word_1_129' title='bbox 377 3138 449 3212; x_wconf 83' lang='lat' dir='ltr'>sine</span> <span class='ocrx_word' id='word_1_130' title='bbox 467 3139 640 3216; x_wconf 84' lang='lat' dir='ltr'>nascitur:</span> <span class='ocrx_word' id='word_1_131' title='bbox 667 3139 819 3238; x_wconf 85' lang='lat' dir='ltr'>optimus</span> <span class='ocrx_word' id='word_1_132' title='bbox 835 3140 892 3214; x_wconf 89' lang='lat' dir='ltr'>ilie</span> <span class='ocrx_word' id='word_1_133' title='bbox 908 3157 971 3228; x_wconf 80' lang='lat' dir='ltr'>est,-</span> 
     </span>
     <span class='ocr_line' id='line_1_24' title="bbox 98 3235 500 3337; baseline 0.005 -25"><span class='ocrx_word' id='word_1_134' title='bbox 98 3237 168 3332; x_wconf 76' lang='lat' dir='ltr'>Qui</span> <span class='ocrx_word' id='word_1_135' title='bbox 183 3235 332 3334; x_wconf 80' lang='lat' dir='ltr'>minimis</span> <span class='ocrx_word' id='word_1_136' title='bbox 346 3255 500 3337; x_wconf 79' lang='lat' dir='ltr'>urgetur</span> 
     </span>
    </p>
   </div>
   <div class='ocr_carea' id='block_1_12' title="bbox 0 0 1150 3725">
    <p class='ocr_par' dir='ltr' id='par_1_12' title="bbox 0 0 1150 3725">
     <span class='ocr_line' id='line_1_25' title="bbox 0 0 1150 3725; baseline 0 1"><span class='ocrx_word' id='word_1_137' title='bbox 0 0 1150 3725; x_wconf 95' lang='lat' dir='ltr'> </span> 
     </span>
    </p>
   </div>
  </div>
 </body>
</html>
