2292 3725
40 201 49 222 ’
512 219 629 311 1οόχ

30 419 31 426 ’
58 420 160 519 Quid
172 418 259 514 ¹fuco
275 420 476 518 splendente
493 446 611 495 comas
625 420 780 512 ornasse,
797 423 880 521 quid
899 430 1036 524 ungues

109 520 264 594 Artificis
280 518 387 593 docti
401 521 613 593 subsecuisse
626 522 757 594 manu?

56 621 187 691 Forma
203 619 327 716 placet,
346 619 502 715 quamvis
514 620 645 692 inculto
662 620 793 709 venerit
809 646 895 713 ore;

108 719 187 791 Nec'
204 717 352 791 nitidum
364 716 462 790 tardi
478 718 640 791 comserit
656 736 729 791 arte
745 736 858 817 caput.

97 890 207 1041 uren
235 941 306 994 tam
332 920 516 1021 rndrgnum
543 920 621 1011 fn,
650 924 757 1019 quem
788 923 885 1019 quoa
911 926 954 997 as
985 924 1059 997 uno

57 1018 186 1096 Cicero
208 1021 419 1117 proscriptus
435 1039 486 1094 est
500 1048 511 1110 ;
538 1022 754 1117 abscissaque
771 1023 899 1094 scelere
916 1022 1059 1095 Antonii

54 1148 130 1194 vox
147 1120 285 1215 publica
309 1135 370 1205 est,
397 1120 484 1192 cum
507 1120 581 1217 ejus
598 1116 744 1191 salutem
769 1144 873 1192 nemo
890 1121 1059 1193 defendis-

54 1238 119 1304 set,
139 1219 200 1315 qui
217 1243 280 1314 per
296 1227 347 1289 tot
371 1241 480 1291 annos
493 1235 532 1300 et
555 1218 728 1314 publicam
755 1218 906 1303 civitatis
935 1238 969 1291 et
993 1218 1059 1314 pri-

54 1335 175 1390 vatam
205 1316 332 1390 civium
371 1341 510 1389 causam
539 1314 748 1388 defenderat.
816 1318 913 1389 Nihil
944 1336 1059 1390 tamen

55 1413 168 1513 egisti,
189 1417 242 1487 M·
261 1414 406 1487 Antoni.
450 1413 608 1510 Rapuisti
633 1431 671 1486 tu
694 1416 748 1485 M.
768 1414 928 1488 Ciceroni
945 1417 1060 1487 lucem

53 1513 236 1598 solicitam,
263 1529 463 1586 et·aetatem
486 1512 642 1601 senilem,
661 1530 693 1583 et
711 1514 816 1590 vitam
844 1514 1059 1591 miseriorem

55 1631 93 1685 te
128 1611 296 1708 principe,
314 1618 318 1625 '
333 1610 441 1707 quim
487 1613 552 1683 sub
590 1629 624 1683 te
667 1610 846 1687 triumviro
884 1624 1057 1685 mortem}

54 1708 189 1783 famam
203 1709 290 1782 verb
315 1710 532 1808 gloriamque
557 1707 730 1809 factorum
758 1727 862 1807 atque
886 1711 1059 1791 dictorum

53 1808 148 1882 adeb
165 1832 240 1882 non
253 1806 433 1897 abstulisti,
450 1825 489 1879 ut
514 1806 661 1880 auxeris
714 1808 807 1888 Vivit
822 1810 982 1906 vivetque
998 1832 1059 1904 per
1135 1808 1137 1815 ⁴

53 1931 201 1982 omnem
216 1907 414 1979 seculorum
430 1907 633 1978 memoriam
647 1934 658 1998 3
685 1907 867 2004 omnisque·
883 1906 1060 2002 posteritas

52 2006 149 2080 illius
163 2005 251 2078 inte
273 2003 399 2100 scripta
423 2004 613 2092 mirabitur,
641 2022 742 2078 tuum
771 2006 808 2076 in
825 2003 906 2078 eum
928 2001 1061 2081 factum

53 2103 287 2180 execrabitur.

54 2300 198 2376 Luculli
209 2299 309 2373 miles
320 2300 464 2374 collecta
475 2299 609 2389 viatica,
625 2295 743 2375 multis
782 2346 785 2350 -

53 2398 240 2474 AErumnis
257 2399 365 2472 lassus
380 2399 468 2471 dum
484 2417 591 2471 noctu
608 2400 728 2488 stertit,
741 2398 784 2470 ad
801 2423 911 2472 assem
1025 2395 1027 2402 ’

42 2497 280 2580 Perdiderat:
319 2513 398 2594 post
427 2498 510 2584 hoc,
537 2498 723 2570 vehemens
749 2497 865 2594 lupus,
883 2514 918 2569 et
945 2491 1007 2570 sibi
1024 2511 1058 2568 et

158 2595 249 2668 hosti
726 2641 729 2648 ·
789 2631 794 2646 ›
1126 2617 1128 2633 ⁴

54 2699 171 2768 Iratus
188 2692 325 2789 pariter,
339 2693 465 2790 jejunis
480 2692 641 2766 dentibus
657 2717 748 2780 acer,
1123 2689 1127 2805 l

53 2794 262 2868 Praesidium
275 2792 392 2888 regale
410 2791 488 2862 loco
506 2791 648 2888 disjecit,
668 2809 705 2864 ut
723 2793 830 2880 aiunt,

54 2891 204 2966 Summe
222 2891 367 2976 munito,
384 2907 418 2960 et
433 2889 618 2962 multarum
632 2891 734 2961 divite
751 2899 894 2970 rerum(
1121 2811 1125 3014 l

57 2991 186 3065 Clarus
199 2994 244 3062 ob
262 2990 297 3058 id
315 2987 459 3074 factum,
473 2988 573 3058 donis
590 3004 731 3059 ornatur
748 2983 898 3064 honestis
912 3017 923 3078 3
1120 3015 1123 3070 t

55 3089 195 3184 Accipit
211 3106 246 3159 et
261 3087 313 3157 bis
329 3087 418 3157 dena
429 3111 532 3180 super
544 3086 694 3158 sestertia
709 3087 907 3160 nummbm.

55 3187 163 3259 Forte
178 3189 242 3259 sub
255 3185 322 3257 hoc
340 3202 477 3278 tempus
491 3183 669 3256 castellum
686 3202 840 3258 evertere
857 3203 986 3280 praetor

55 3286 186 3372 Nescio
200 3285 297 3382 quod
315 3282 477 3379 cupiens,
488 3282 618 3356 hortari
637 3283 741 3379 coepit
759 3283 910 3356 eundem
