2292 3725
455 140 577 298 '93

14 430 171 481 -eorum
199 408 332 495 dolere,
356 406 456 505 quud
486 408 671 507 egregium
709 409 821 487 civem
857 412 1048 487 Hectorem

45 506 246 595 amisissent.
312 504 526 579 Effluxeraut
567 527 684 582 autem
721 528 798 583 tum
829 509 908 606 plue
941 510 1048 607 quim

45 604 141 677 milie
158 604 271 676 annia
287 622 398 677 morte
415 605 591 678 Hectoris.

46 803 148 895 Saepe
163 826 288 897 rogare
302 800 406 889 soles,
423 802 533 896 qualis
550 800 627 888 sim,
645 802 772 891 Prisce,
787 800 936 892 futurum

95 900 133 971 Si
150 900 233 969 fiam
248 900 417 995 locuples,
434 900 569 996 simque
581 900 722 997 repente
736 919 869 996 potens.

48 1001 272 1093 Quemquam
284 1022 385 1092 pooee
402 1016 502 1092 putas
517 1022 633 1071 mores
648 1022 786 1071 narrare
802 997 967 1074 futuros?
994 1014 998 1025 '

95 1096 165 1168 Dic
182 1095 282 1183 mihi,
298 1097 326 1167 si
342 1097 406 1168 iias
422 1101 460 1168 tu
477 1097 545 1187 leo,
556 1096 667 1193 qualis
683 1096 776 1170 erist
898 1190 906 1206 „

37 1326 42 1333 .
94 1278 210 1352 Fabiae
226 1277 421 1353 Dolabellae
437 1278 578 1376 triginta
589 1302 626 1352 se
638 1302 747 1351 annos
762 1276 889 1351 habere
899 1274 1045 1351 dicenti:

47 1380 180 1449 Verum
206 1396 268 1463 est,
298 1376 410 1473 inquit
445 1378 584 1465 Cicero,
613 1396 694 1453 nam
727 1376 795 1450 huc
824 1374 897 1475 jam
928 1374 1048 1475 viginti

38 1496 154 1547 anuos
170 1474 284 1547 audio.
701 1520 705 1527 ι

45 1644 227 1742 Ingenium
244 1645 384 1720 coeleste
398 1642 468 1719 auis
480 1642 636 1721 velociite
653 1644 749 1719 annis

92 1742 223 1838 Surgit,
239 1760 273 1815 et
289 1744 424 1840 ignava
439 1742 506 1815 fert
522 1742 616 1817 male
632 1742 757 1817 damna
773 1766 895 1820 murae.

44 1840 174 1916 Parvus
189 1859 272 1928 erat,
291 1841 518 1938 manibusque
535 1842 624 1913 duos
637 1842 840 1936 Tirynthius
853 1867 983 1946 angues

93 1939 230 2028 Pressit,
245 1960 279 2012 et
296 1940 443 2015 incuriis
450 1941 522 2039 jam
538 1942 625 2016 Jove
643 1939 768 2038 dignus
783 1959 866 2013 erat.

95 2121 135 2196 In
158 2119 279 2198 scholi
308 2119 423 2195 audiet
450 2143 537 2215 puer
569 2117 680 2192 multa
709 2117 861 2216 quotidie
895 2121 1046 2217 probari,

47 2222 154 2293 multa
170 2219 323 2318 corrigi;
361 2219 516 2316 proderit
536 2217 680 2316 aiicujus
701 2221 881 2316 objurgata
906 2221 1045 2307 desidia,

47 2321 197 2412 proderit
252 2319 389 2389 iaudute
441 2316 608 2387 industria
617 2339 636 2387 τ
698 2317 900 2387 excitabitur
946 2319 1046 2390 laude

47 2417 243 2490 aemulatio:
287 2433 389 2509 turpe
424 2414 528 2487 ducet
568 2413 692 2486 cedere
733 2413 816 2507 pari,
860 2414 1045 2508 pulchrum

47 2513 229 2610 superiase
251 2517 409 2610 majores.
475 2511 686 2584 Accendunt
718 2511 793 2586 haec
827 2511 943 2584 omnia
977 2514 1046 2586 aui·

48 2637 146 2686 mos:
185 2633 232 2700 et,
251 2613 328 2684 licet
350 2612 422 2712 ipsa
451 2609 576 2689 uitium
599 2608 642 2686 sit
667 2609 824 2700 ambitio,
844 2608 1048 2708 frequenter

48 2730 160 2784 tamen
176 2735 278 2787 causa
294 2710 462 2786 virtutum
477 2726 541 2784 eet.

49 2875 172 2948 Forma
208 2877 343 2951 bonum
378 2869 501 2970 fragile
530 2889 608 2952 estt
649 2885 886 2976 quantumque
916 2872 1046 2952 accedit

142 2973 187 3046 ad
203 2997 324 3060 anum,

95 3071 146 3145 Fit
163 3071 276 3142 minor
290 3099 301 3158 3
329 3087 363 3141 et
379 3069 488 3166 spatio
504 3067 655 3164 carpitur
670 3066 743 3162 ipsa
759 3093 833 3142 suo.

49 3171 122 3246 Nec
138 3167 239 3242 violae
254 3178 403 3262 semper,
421 3193 486 3240 uec
503 3167 630 3242 hiantia
646 3165 714 3238 lilia
731 3163 886 3258 florent3

95 3269 139 3344 Et
157 3267 246 3366 riget
260 3263 383 3347 amissi
399 3267 496 3365 spina
511 3265 628 3340 relicta
644 3262 741 3340 rosi-
