2292 3725
536 192 586 278 90

55 402 157 476 mace
174 390 362 501 dejecisset,
388 396 488 501 quod
502 405 639 489 subeant
655 396 770 478 classis
783 400 1061 493 Atheniensium,

55 525 142 598 quae
173 502 347 599 exciperet
381 518 580 592 natantem3
629 501 740 599 perire
772 500 903 589 maluit,
940 498 1060 601 quim,

55 598 202 697 abjectis
233 600 348 688 armis,
378 618 503 675 navem
543 600 751 698 relinquere,
784 599 820 674 in
847 598 919 697 qui
951 598 1065 673 fuerat

57 714 195 771 vectus
244 699 285 770 ld
302 699 405 773 ceteri
433 699 548 775 facere
572 701 772 789 noluerunt,
800 698 862 797 qui
883 699 1000 773 nando
1028 698 1067 774 in

41 811 181 869 ,tutum
211 815 455 895 pervenerunt.
520 802 574 873 At
605 797 664 873 ille
697 813 862 895 prestare
885 796 1068 874 honestam
1128 824 1132 841 ¹

58 912 216 971 mortem
245 896 337 995 turpi
370 896 565 971 existimans
591 897 682 983 vitae,
718 895 876 973 cominus
907 918 1068 997 pugnans

60 993 142 1067 telis
153 995 306 1070 hostium
319 995 598 1071 interfectusest.

58 1169 191 1254 Suave,
209 1166 296 1240 mari
307 1189 436 1267 magno
451 1162 669 1242 turbantibus
681 1190 823 1265 aequora
834 1166 956 1255 vensis,

51 1266 93 1346 ΑΕ
113 1262 208 1338 terra
223 1288 391 1364 magnum
407 1266 546 1343 alterius
556 1282 711 1363 spectare
727 1266 907 1343 laborem:

61 1364 246 1464 Nonquia
260 1366 379 1439 vexari
395 1390 607 1464 quemquam
624 1382 675 1439 est
687 1368 843 1465 jucunda
857 1364 1027 1463 voluptas,

32 1546 35 1550 ,
62 1463 151 1548 Sed,
165 1463 291 1559 quibus
306 1464 380 1561 ipse
391 1464 489 1539 malis
500 1488 628 1553 careas,
642 1466 722 1562 quia
735 1488 877 1541 cernere
888 1487 992 1542 suave
1005 1480 1067 1544 est.
1095 1464 1096 1467 ’

63 1564 185 1635 Suave
203 1564 306 1637 etiam
323 1564 405 1636 beili
417 1564 607 1637 'certamina
623 1586 749 1663 magna
766 1562 855 1637 tueri

63 1660 139 1734 Per
150 1662 476 1762 camposinsaructa,
495 1661 556 1737 tui
564 1663 641 1736 sine
650 1680 747 1760 parte
762 1658 895 1759 peaicli.
999 1738 1001 1744 ,

64 1760 142 1832 Sed
158 1760 208 1832 nil
221 1760 357 1835 dulcius
372 1779 434 1847 est,
451 1763 541 1838 bene
552 1760 663 1860 quim
674 1760 807 1841 murita
822 1761 912 1837 tueri

11 1907 12 1913 κ
66 1856 175 1934 Edita
192 1856 350 1935 doctrini
371 1858 567 1960 sapientdm
584 1860 713 1958 templa
727 1885 873 1954 serena;

66 1956 262 2055 Despicere
279 1960 373 2033 unde
388 1984 494 2057 queas
518 1959 616 2050 alios,
632 1957 827 2059 passimque
843 1959 960 2036 videre

65 2057 210 2144 Errare,
224 2073 328 2155 atque
343 2057 435 2132 viam
450 2058 603 2156 palantes
615 2083 772 2157 quaerere
783 2058 874 2136 vitae.

122 2225 333 2320 Simonides,
375 2231 462 2306 edm
495 2230 655 2332 ignotum
680 2235 855 2346 quendam
883 2237 1079 2334 projectum
1138 2249 1139 2326 j

70 2345 257 2411 mortuum
293 2330 331 2403 in
358 2331 474 2426 quiete
499 2332 648 2418 vidisset,
683 2333 836 2430 eumque
857 2332 1077 2428 humavisset,

70 2429 287 2526 haberetque
311 2430 349 2502 in
378 2429 494 2505 animo
515 2454 644 2528 ‘navem
674 2433 918 2520 conscendere,
944 2431 1081 2514 moneri
1138 2449 1139 2520 i

72 2527 171 2624 visus
204 2545 269 2616 est,
294 2551 340 2627 ne
368 2527 405 2599 id
437 2525 576 2625 faceret,
607 2531 651 2602 ab
675 2531 735 2618 eo,
760 2553 878 2630 quem,
899 2530 1078 2630 sepulture

73 2625 261 2715 affecerat3
288 2624 317 2699 si
340 2625 546 2726 navigisset,
569 2627 860 2729 eum'nauiragio
886 2653 960 2704 esse
991 2629 1081 2729 peri·
1137 2625 1139 2684 5

75 2743 228 2815 turum,
255 2725 369 2824 itaque
386 2727 580 2802 Simonides
605 2726 716 2804 rediit.
766 2727 948 2806 Perierunt
964 2727 1081 2820 ceteni,
1137 2741 1139 2824 ᾖ

76 2825 229 2923 quitum
245 2823 457 2926 navigarant.
568 2918 577 2924 „
1136 2837 1139 2870 ‘³

78 2999 169 3074 Non
185 2996 246 3071 tibi
263 2999 443 3081 conveniet
459 2997 592 3072 cunctis
603 2998 733 3071 modus
751 3022 841 3072 unus
857 2997 1018 3100 agendis:
1138 3029 1139 3036 ¹

130 3096 200 3169 Pro
213 3115 317 3170 vento
328 3098 446 3170 velum
462 3095 600 3170 flectere
618 3095 710 3170 disce
726 3114 838 3170 tuum.
952 3108 967 3118 ““
1138 3097 1139 3116 ³

79 3194 131 3268 Hi
137 3197 253 3293 jaculo
269 3193 391 3294 pisces,
403 3195 452 3266 illi
468 3194 649 3292 capiuntur
662 3197 706 3269 ab
722 3195 843 3284 hamis,

40 3389 49 3406 .
132 3295 211 3369 Hos
227 3317 313 3381 cava¹
331 3310 494 3368 contento
511 3293 596 3369 retia
610 3292 694 3370 fune
712 3295 862 3370 uehunt.

333 3543 605 3654 leswe
