2292 3725
532 178 579 250 97

102 367 248 455 Inventa
262 364 370 441 secuit
382 366 442 465 qui
452 366 586 481 primns
601 382 688 441 nave
704 362 930 473 profundunt,

153 462 201 542 Et
216 467 360 548 rudibus
376 468 479 539 remis
495 465 672 539 solicitavit
685 483 809 581 aquas,
853 482 856 489 ·
892 510 895 516 -
1052 450 1059 499 Τ

103 566 316 682 Tranquillis
328 564 483 661 primum
500 563 652 661 trepidus
668 590 705 637 se
717 560 871 637 credidit
878 475 991 647 undis,

138 665 287 740 Littora
298 689 421 744 securo
434 665 569 735 tramite
586 688 721 735 summa
735 662 877 759 legens:

103 764 197 836 Mox
214 764 338 861 longos
351 780 480 835 tentare
477 763 596 850 smus,
609 778 644 833 et
661 762 815 858 linquere
828 776 944 843 terras,
1008 850 1010 854 Ι
1040 778 1058 807 ¹2·

64 861 67 866 ’
96 891 98 894 ·
154 862 201 935 Ει
214 863 282 933 leni
299 862 404 957 coepit
420 861 571 957 pandere
588 860 662 932 vela
674 862 782 942 Noto.

105 951 173 1035 Ast
190 960 250 1034 ubi
261 961 423 1057 paulatim
440 982 594 1055 praeceps
609 958 750 1044 audacia
761 956 878 1042 crevit,

156 1060 298 1155 Cordaq
298 1083 342 1130 ue
358 1059 580 1157 languentem
597 1056 789 1131 dedidicere
806 1072 960 1145 metum;
1029 1070 1035 1081 ‘

103 1160 302 1255 Jamvagus
319 1157 450 1229 exultat
467 1156 614 1254 pelago;
642 1156 841 1251 coelumque
858 1160 1009 1245 secutus,
1051 1244 1055 1253 ῃ

156 1258 297 1355 AEgaeas
313 1256 456 1354 hyemes
471 1256 651 1351 Ioniaeque
667 1256 795 1329 domat
860 1338 865 1347 ¹

104 1422 257 1505 Pittacus
276 1427 349 1517 ille,
371 1428 432 1525 qui
454 1442 586 1524 septem
614 1424 809 1523 sapienttim
834 1440 984 1523 nurnero·
1004 1442 1058 1501 est

51 1527 206 1615 habitus,
230 1527 315 1599 etim
343 1527 374 1599 ei
402 1526 593 1625 Mitylenaei
619 1526 727 1599 multa
751 1520 905 1597 millia
891 1550 1058 1641 jugerum

52 1628 130 1727 agri
147 1650 281 1709 munen
272 1626 439 1705 'adarent
466 1624 596 1711 Nolite,
623 1648 715 1721 rogo
733 1648 807 1713 vos,
832 1624 952 1720 inquit,
966 1623 1058 1704 mihi

53 1731 154 1814 dare,
183 1726 278 1822 quod
312 1725 412 1796 multi
418 1723 630 1809 ‚invideann
657 1724 773 1819 plures
799 1724 900 1795 etiam
931 1744 1059 1796 concu-

53 1826 199 1943 piscant.
239 1827 359 1920 Quare
375 1848 421 1896 ex
439 1822 509 1895 istis
525 1822 608 1895 nolo
594 1820 776 1938 amplius
793 1845 899 1919 quam
918 1838 1060 1916 centum

48 1930 190 2022 jugera,
208 1951 288 2021 quae
313 1941 348 1996 et
365 1922 478 1994 meam
499 1921 603 1994 animi
622 1921 897 2026 aequitatem,
850 1937 883 1991 et
909 1937 1059 1994 vestram

53 2023 285 2111 voluntatem,
309 2020 472 2094 indicent.
539 2023 634 2092 Nam
659 2045 764 2115 parva
793 2010 949 2108 mune'ra,
983 2017 1059 2090 din·

11 2179 12 2182 ,
52 2123 154 2226 tina3
181 2120 376 2218 locupletia,
393 2144 466 2192 non
483 2119 630 2218 propria,
651 2143 723 2192 esse
741 2135 1005 2191 consueverunt.

108 2293 321 2390 Quicunque
332 2294 390 2366 ille
402 2293 480 2381 fuit,
493 2317 641 2389 puerum
660 2290 719 2390 qui
736 2291 845 2388 pinxit
856 2313 1051 2380 amorem,

148 2395 287 2467 Nonne
303 2410 402 2490 putas
414 2393 534 2464 stultas
549 2393 644 2464 hunc
659 2390 815 2464 habuisse
832 2397 984 2462 manus?

106 2493 186 2566 Cur
202 2491 330 2562 etenim
346 2491 489 2563 hamatis
506 2515 627 2562 manus
644 2508 694 2561 est
705 2505 835 2572 armata
851 2487 1011 2584 sagittis?

11 2586 12 2590 ’
162 2591 239 2663 Cur
248 2588 406 2684 pharetra
416 2614 460 2660 ex
472 2589 618 2660 humero
631 2587 780 2660 Gnossta
792 2608 941 2688 utroque
948 2588 1059 2687 jacet?

108 2691 188 2773 Cur
202 2688 295 2760 idem
309 2685 437 2760 frustra
451 2704 608 2761 ventosas
621 2686 750 2759 addidit
763 2685 857 2760 alas?

21 2804 26 2808 ·
160 2786 254 2860 Fecit
270 2801 304 2858 et
320 2785 473 2860 humano
484 2787 588 2858 corde
601 2785 717 2858 volare
733 2787 878 2863 Deum?
940 2780 944 2787 ’

25 2976 29 2990 “
105 2961 311 3064 Dionysius,
340 2984 525 3064 postquam
558 2966 687 3040 audivit
715 2967 868 3042 Dionem
893 2969 956 3045 sibi
989 2971 1061 3048 bel·

55 3069 134 3139 lum
151 3065 266 3143 facere
292 3067 421 3154 conari,
438 3063 595 3138 filium
566 3090 640 3163 ejus
656 3064 711 3140 sic
728 3066 897 3141 educari*
877 3069 994 3184 jussit,
1021 3087 1061 3144 ut
1120 3119 1122 3128 ,

55 3165 275 3264 indulgendo
309 3164 509 3260 turpissimis
550 3162 762 3238 imbueretur
800 3163 1058 3264 cupiditatibus.

50 3267 155 3436 Napp
174 3289 292 3435 puero
317 3282 428 3338 scorta
457 3263 738 3374 adducebantur,
760 3265 840 3341 vino
882 3266 1102 3364 epulisque

154 3386 173 3437 e
