<?xml version="1.0" encoding="UTF-8"?>
<!DOCTYPE html PUBLIC "-//W3C//DTD XHTML 1.0 Transitional//EN"
    "http://www.w3.org/TR/xhtml1/DTD/xhtml1-transitional.dtd">
<html xmlns="http://www.w3.org/1999/xhtml" xml:lang="en" lang="en">
 <head>
  <title>
</title>
<meta http-equiv="Content-Type" content="text/html;charset=utf-8" />
  <meta name='ocr-system' content='tesseract 3.04.00' />
  <meta name='ocr-capabilities' content='ocr_page ocr_carea ocr_par ocr_line ocrx_word'/>
</head>
<body>
  <div class='ocr_page' id='page_1' title='image "./delectussentent04valpgoog_0117.png"; bbox 0 0 2292 3725; ppageno 0'>
   <div class='ocr_carea' id='block_1_1' title="bbox 524 83 604 159">
    <p class='ocr_par' dir='ltr' id='par_1_1' title="bbox 524 83 604 159">
     <span class='ocr_line' id='line_1_1' title="bbox 524 83 604 159; baseline 0.025 -2"><span class='ocrx_word' id='word_1_1' title='bbox 524 83 604 159; x_wconf 80' lang='lat'>103</span> 
     </span>
    </p>
   </div>
   <div class='ocr_carea' id='block_1_2' title="bbox 13 280 1072 1088">
    <p class='ocr_par' dir='ltr' id='par_1_2' title="bbox 65 280 1090 478">
     <span class='ocr_line' id='line_1_2' title="bbox 65 280 1068 380; baseline -0.007 -19"><span class='ocrx_word' id='word_1_2' title='bbox 65 284 448 361; x_wconf 77' lang='lat' dir='ltr'>Lacedaemoniorum</span> <span class='ocrx_word' id='word_1_3' title='bbox 470 308 554 380; x_wconf 85' lang='lat' dir='ltr'>opes</span> <span class='ocrx_word' id='word_1_4' title='bbox 606 304 745 355; x_wconf 85' lang='lat' dir='ltr'>necesse</span> <span class='ocrx_word' id='word_1_5' title='bbox 786 296 885 355; x_wconf 86' lang='lat' dir='ltr'>esset</span> <span class='ocrx_word' id='word_1_6' title='bbox 960 280 1068 379; x_wconf 80' lang='lat' dir='ltr'>Quod</span> 
     </span>
     <span class='ocr_line' id='line_1_3' title="bbox 65 378 1070 495; baseline -0.005 -38"><span class='ocrx_word' id='word_1_7' title='bbox 65 385 240 459; x_wconf 83' lang='lat' dir='ltr'>Aristides</span> <span class='ocrx_word' id='word_1_8' title='bbox 280 409 366 457; x_wconf 90' lang='lat' dir='ltr'>cum</span> <span class='ocrx_word' id='word_1_9' title='bbox 412 381 577 469; x_wconf 85' lang='lat' dir='ltr'>audisset,</span> <span class='ocrx_word' id='word_1_10' title='bbox 617 382 654 455; x_wconf 93' lang='lat' dir='ltr'>in</span> <span class='ocrx_word' id='word_1_11' title='bbox 693 380 901 455; x_wconf 85' lang='lat' dir='ltr'>concionem</span> <span class='ocrx_word' id='word_1_12' title='bbox 942 378 1070 495; x_wconf 70' lang='lat' dir='ltr'>magni·</span> 
     </span>
    </p>

    <p class='ocr_par' dir='ltr' id='par_1_3' title="bbox 13 477 1072 1048">
     <span class='ocr_line' id='line_1_4' title="bbox 13 477 1071 580; baseline -0.005 -25"><span class='ocrx_word' id='word_1_13' title='bbox 13 483 14 486; x_wconf 65' lang='grc'>’</span> <span class='ocrx_word' id='word_1_14' title='bbox 64 484 307 580; x_wconf 83' lang='lat' dir='ltr'>expectatione</span> <span class='ocrx_word' id='word_1_15' title='bbox 333 482 448 570; x_wconf 90' lang='lat' dir='ltr'>venit;</span> <span class='ocrx_word' id='word_1_16' title='bbox 485 481 665 576; x_wconf 86' lang='lat' dir='ltr'>dixitque·</span> <span class='ocrx_word' id='word_1_17' title='bbox 704 479 854 552; x_wconf 87' lang='lat' dir='ltr'>Perutile</span> <span class='ocrx_word' id='word_1_18' title='bbox 870 504 944 552; x_wconf 85' lang='lat' dir='ltr'>esse</span> <span class='ocrx_word' id='word_1_19' title='bbox 960 477 1071 552; x_wconf 86' lang='lat' dir='ltr'>consi·</span> 
     </span>
     <span class='ocr_line' id='line_1_5' title="bbox 66 573 1069 679; baseline -0.008 -24"><span class='ocrx_word' id='word_1_20' title='bbox 66 582 171 671; x_wconf 88' lang='lat' dir='ltr'>lium,</span> <span class='ocrx_word' id='word_1_21' title='bbox 207 582 304 679; x_wconf 90' lang='lat' dir='ltr'>quod</span> <span class='ocrx_word' id='word_1_22' title='bbox 338 579 590 652; x_wconf 84' lang='lat' dir='ltr'>Themistocles</span> <span class='ocrx_word' id='word_1_23' title='bbox 624 577 780 665; x_wconf 62' lang='lat' dir='ltr'>afferren</span> <span class='ocrx_word' id='word_1_24' title='bbox 834 580 895 649; x_wconf 84' lang='lat' dir='ltr'>sed</span> <span class='ocrx_word' id='word_1_25' title='bbox 928 573 1069 649; x_wconf 67' lang='lat' dir='ltr'>minimi</span> 
     </span>
     <span class='ocr_line' id='line_1_6' title="bbox 65 678 1071 777; baseline -0.005 -26"><span class='ocrx_word' id='word_1_26' title='bbox 65 680 267 774; x_wconf 88' lang='lat' dir='ltr'>honestum.</span> <span class='ocrx_word' id='word_1_27' title='bbox 331 681 451 777; x_wconf 91' lang='lat' dir='ltr'>ltaque</span> <span class='ocrx_word' id='word_1_28' title='bbox 483 678 725 763; x_wconf 86' lang='lat' dir='ltr'>Athenienses,</span> <span class='ocrx_word' id='word_1_29' title='bbox 762 678 858 773; x_wconf 91' lang='lat' dir='ltr'>quod</span> <span class='ocrx_word' id='word_1_30' title='bbox 886 678 1071 749; x_wconf 88' lang='lat' dir='ltr'>honestum</span> 
     </span>
     <span class='ocr_line' id='line_1_7' title="bbox 66 776 1072 877; baseline -0.008 -26"><span class='ocrx_word' id='word_1_31' title='bbox 66 802 144 851; x_wconf 90' lang='lat' dir='ltr'>non</span> <span class='ocrx_word' id='word_1_32' title='bbox 161 796 259 863; x_wconf 88' lang='lat' dir='ltr'>esset,</span> <span class='ocrx_word' id='word_1_33' title='bbox 277 778 313 848; x_wconf 92' lang='lat' dir='ltr'>id</span> <span class='ocrx_word' id='word_1_34' title='bbox 325 802 375 849; x_wconf 89' lang='lat' dir='ltr'>ne</span> <span class='ocrx_word' id='word_1_35' title='bbox 391 778 473 848; x_wconf 91' lang='lat' dir='ltr'>utile</span> <span class='ocrx_word' id='word_1_36' title='bbox 492 776 631 872; x_wconf 85' lang='lat' dir='ltr'>quidem</span> <span class='ocrx_word' id='word_1_37' title='bbox 646 792 875 877; x_wconf 83' lang='lat' dir='ltr'>putaverunt:</span> <span class='ocrx_word' id='word_1_38' title='bbox 895 793 1072 867; x_wconf 88' lang='lat' dir='ltr'>totamque</span> 
     </span>
     <span class='ocr_line' id='line_1_8' title="bbox 66 873 1071 973; baseline -0.006 -24"><span class='ocrx_word' id='word_1_39' title='bbox 66 901 147 949; x_wconf 87' lang='lat' dir='ltr'>eam</span> <span class='ocrx_word' id='word_1_40' title='bbox 188 899 275 963; x_wconf 86' lang='lat' dir='ltr'>rem,</span> <span class='ocrx_word' id='word_1_41' title='bbox 318 900 424 973; x_wconf 91' lang='lat' dir='ltr'>quam</span> <span class='ocrx_word' id='word_1_42' title='bbox 470 898 516 947; x_wconf 91' lang='lat' dir='ltr'>ne</span> <span class='ocrx_word' id='word_1_43' title='bbox 556 873 735 947; x_wconf 82' lang='lat' dir='ltr'>audierant</span> <span class='ocrx_word' id='word_1_44' title='bbox 776 874 928 972; x_wconf 88' lang='lat' dir='ltr'>quidem,</span> <span class='ocrx_word' id='word_1_45' title='bbox 971 894 1071 969; x_wconf 89' lang='lat' dir='ltr'>repu·</span> 
     </span>
     <span class='ocr_line' id='line_1_9' title="bbox 67 975 261 1088; baseline -0.011 -40"><span class='ocrx_word' id='word_1_46' title='bbox 67 975 261 1088; x_wconf 86' lang='lat' dir='ltr'>diaverunt.</span> 
     </span>
    </p>
   </div>
   <div class='ocr_carea' id='block_1_3' title="bbox 69 1144 1101 1943">
    <p class='ocr_par' dir='ltr' id='par_1_4' title="bbox 69 1144 1054 1343">
     <span class='ocr_line' id='line_1_10' title="bbox 69 1144 1054 1247; baseline -0.004 -26"><span class='ocrx_word' id='word_1_47' title='bbox 69 1148 167 1221; x_wconf 86' lang='lat' dir='ltr'>Sed</span> <span class='ocrx_word' id='word_1_48' title='bbox 155 1172 237 1247; x_wconf 69' lang='lat' dir='ltr'>sam</span> <span class='ocrx_word' id='word_1_49' title='bbox 243 1164 452 1243; x_wconf 85' lang='lat' dir='ltr'>serpentum</span> <span class='ocrx_word' id='word_1_50' title='bbox 459 1149 570 1246; x_wconf 85' lang='lat' dir='ltr'>major</span> <span class='ocrx_word' id='word_1_51' title='bbox 590 1146 798 1221; x_wconf 86' lang='lat' dir='ltr'>concordia:</span> <span class='ocrx_word' id='word_1_52' title='bbox 826 1144 933 1241; x_wconf 88' lang='lat' dir='ltr'>parcit</span> <span class='ocrx_word' id='word_1_53' title='bbox 1005 1188 1007 1192; x_wconf 94' lang='lat'>-</span> <span class='ocrx_word' id='word_1_54' title='bbox 1051 1158 1054 1164; x_wconf 86' lang='grc'><strong><em>’</em></strong></span> 
     </span>
     <span class='ocr_line' id='line_1_11' title="bbox 72 1244 921 1343; baseline -0.006 -24"><span class='ocrx_word' id='word_1_55' title='bbox 72 1248 241 1343; x_wconf 84' lang='lat' dir='ltr'>Cognatis</span> <span class='ocrx_word' id='word_1_56' title='bbox 257 1246 400 1319; x_wconf 87' lang='lat' dir='ltr'>maculis</span> <span class='ocrx_word' id='word_1_57' title='bbox 416 1247 533 1335; x_wconf 86' lang='lat' dir='ltr'>similis</span> <span class='ocrx_word' id='word_1_58' title='bbox 550 1245 645 1319; x_wconf 83' lang='lat' dir='ltr'>fera:</span> <span class='ocrx_word' id='word_1_59' title='bbox 673 1247 812 1342; x_wconf 89' lang='lat' dir='ltr'>quando</span> <span class='ocrx_word' id='word_1_60' title='bbox 831 1244 921 1317; x_wconf 86' lang='lat' dir='ltr'>leoni</span> 
     </span>
    </p>

    <p class='ocr_par' dir='ltr' id='par_1_5' title="bbox 70 1344 1101 1541">
     <span class='ocr_line' id='line_1_12' title="bbox 70 1344 1101 1449; baseline -0.003 -34"><span class='ocrx_word' id='word_1_61' title='bbox 70 1344 211 1431; x_wconf 81' lang='lat' dir='ltr'>Fortior</span> <span class='ocrx_word' id='word_1_62' title='bbox 226 1345 351 1449; x_wconf 78' lang='lat' dir='ltr'>eripuit</span> <span class='ocrx_word' id='word_1_63' title='bbox 367 1346 472 1417; x_wconf 84' lang='lat' dir='ltr'>vitam</span> <span class='ocrx_word' id='word_1_64' title='bbox 490 1344 570 1417; x_wconf 87' lang='lat' dir='ltr'>leo?</span> <span class='ocrx_word' id='word_1_65' title='bbox 596 1368 666 1440; x_wconf 90' lang='lat' dir='ltr'>quo</span> <span class='ocrx_word' id='word_1_66' title='bbox 685 1369 828 1417; x_wconf 88' lang='lat' dir='ltr'>nemore</span> <span class='ocrx_word' id='word_1_67' title='bbox 844 1366 999 1439; x_wconf 84' lang='lat' dir='ltr'>unquam</span> <span class='ocrx_word' id='word_1_68' title='bbox 1096 1404 1101 1412; x_wconf 75' lang='grc'>,</span> 
     </span>
     <span class='ocr_line' id='line_1_13' title="bbox 73 1419 799 1565; baseline 0 -51"><span class='ocrx_word' id='word_1_69' title='bbox 73 1419 255 1538; x_wconf 85' lang='lat' dir='ltr'>Expiravit</span> <span class='ocrx_word' id='word_1_70' title='bbox 273 1469 354 1557; x_wconf 81' lang='lat' dir='ltr'>aper</span> <span class='ocrx_word' id='word_1_71' title='bbox 369 1444 520 1565; x_wconf 79' lang='lat' dir='ltr'>majoris</span> <span class='ocrx_word' id='word_1_72' title='bbox 525 1444 684 1514; x_wconf 87' lang='lat' dir='ltr'>dentibus</span> <span class='ocrx_word' id='word_1_73' title='bbox 702 1443 799 1537; x_wconf 84' lang='lat' dir='ltr'>apri?</span> 
     </span>
    </p>

    <p class='ocr_par' dir='ltr' id='par_1_6' title="bbox 71 1540 908 1734">
     <span class='ocr_line' id='line_1_14' title="bbox 73 1540 908 1638; baseline 0.005 -28"><span class='ocrx_word' id='word_1_74' title='bbox 73 1542 196 1613; x_wconf 88' lang='lat' dir='ltr'>Indica</span> <span class='ocrx_word' id='word_1_75' title='bbox 214 1542 310 1638; x_wconf 88' lang='lat' dir='ltr'>tigris</span> <span class='ocrx_word' id='word_1_76' title='bbox 323 1542 393 1638; x_wconf 87' lang='lat' dir='ltr'>agit</span> <span class='ocrx_word' id='word_1_77' title='bbox 409 1540 528 1614; x_wconf 88' lang='lat' dir='ltr'>rabida</span> <span class='ocrx_word' id='word_1_78' title='bbox 544 1564 626 1613; x_wconf 91' lang='lat' dir='ltr'>cum</span> <span class='ocrx_word' id='word_1_79' title='bbox 644 1540 766 1638; x_wconf 88' lang='lat' dir='ltr'>tigride</span> <span class='ocrx_word' id='word_1_80' title='bbox 786 1565 908 1637; x_wconf 82' lang='lat' dir='ltr'>pacem</span> 
     </span>
     <span class='ocr_line' id='line_1_15' title="bbox 71 1640 869 1734; baseline 0.001 -23"><span class='ocrx_word' id='word_1_81' title='bbox 71 1640 304 1734; x_wconf 87' lang='lat' dir='ltr'>Perpetuam.</span> <span class='ocrx_word' id='word_1_82' title='bbox 330 1640 429 1712; x_wconf 84' lang='lat' dir='ltr'>saevis</span> <span class='ocrx_word' id='word_1_83' title='bbox 444 1640 534 1711; x_wconf 91' lang='lat' dir='ltr'>inter</span> <span class='ocrx_word' id='word_1_84' title='bbox 545 1665 582 1711; x_wconf 89' lang='lat' dir='ltr'>se</span> <span class='ocrx_word' id='word_1_85' title='bbox 594 1640 754 1711; x_wconf 89' lang='lat' dir='ltr'>convenit</span> <span class='ocrx_word' id='word_1_86' title='bbox 770 1640 869 1712; x_wconf 88' lang='lat' dir='ltr'>ursis.</span> 
     </span>
    </p>

    <p class='ocr_par' dir='ltr' id='par_1_7' title="bbox 71 1735 877 1943">
     <span class='ocr_line' id='line_1_16' title="bbox 71 1735 877 1812; baseline 0.002 -3"><span class='ocrx_word' id='word_1_87' title='bbox 71 1743 143 1809; x_wconf 85' lang='lat' dir='ltr'>Ast</span> <span class='ocrx_word' id='word_1_88' title='bbox 155 1737 286 1811; x_wconf 90' lang='lat' dir='ltr'>homini</span> <span class='ocrx_word' id='word_1_89' title='bbox 302 1735 435 1810; x_wconf 84' lang='lat' dir='ltr'>ferrum</span> <span class='ocrx_word' id='word_1_90' title='bbox 448 1738 573 1810; x_wconf 92' lang='lat' dir='ltr'>lethale</span> <span class='ocrx_word' id='word_1_91' title='bbox 585 1738 710 1812; x_wconf 88' lang='lat' dir='ltr'>incude</span> <span class='ocrx_word' id='word_1_92' title='bbox 727 1736 877 1811; x_wconf 71' lang='lat' dir='ltr'>nefandi</span> 
     </span>
     <span class='ocr_line' id='line_1_17' title="bbox 72 1837 513 1943; baseline 0.002 -33"><span class='ocrx_word' id='word_1_93' title='bbox 72 1837 297 1923; x_wconf 85' lang='lat' dir='ltr'>Produrisse,</span> <span class='ocrx_word' id='word_1_94' title='bbox 312 1862 435 1943; x_wconf 82' lang='lat' dir='ltr'>parum</span> <span class='ocrx_word' id='word_1_95' title='bbox 452 1855 513 1912; x_wconf 85' lang='lat' dir='ltr'>est.</span> 
     </span>
    </p>
   </div>
   <div class='ocr_carea' id='block_1_4' title="bbox 61 2007 1140 2812">
    <p class='ocr_par' dir='ltr' id='par_1_8' title="bbox 61 2007 1140 2835">
     <span class='ocr_line' id='line_1_18' title="bbox 125 2007 1078 2133; baseline 0.004 -52"><span class='ocrx_word' id='word_1_96' title='bbox 125 2007 341 2133; x_wconf 87' lang='lat' dir='ltr'>Diomedon,</span> <span class='ocrx_word' id='word_1_97' title='bbox 386 2027 510 2107; x_wconf 87' lang='lat' dir='ltr'>rogatu</span> <span class='ocrx_word' id='word_1_98' title='bbox 544 2009 764 2098; x_wconf 86' lang='lat' dir='ltr'>Artaxerxis,</span> <span class='ocrx_word' id='word_1_99' title='bbox 803 2012 1078 2108; x_wconf 84' lang='lat' dir='ltr'>Epaminondam</span> 
     </span>
     <span class='ocr_line' id='line_1_19' title="bbox 73 2108 1140 2223; baseline 0.001 -41"><span class='ocrx_word' id='word_1_100' title='bbox 73 2108 225 2206; x_wconf 67' lang='lat' dir='ltr'>pecunia</span> <span class='ocrx_word' id='word_1_101' title='bbox 242 2110 563 2203; x_wconf 86' lang='lat' dir='ltr'>corrumpendum</span> <span class='ocrx_word' id='word_1_102' title='bbox 557 2111 714 2223; x_wconf 88' lang='lat' dir='ltr'>suscepit.</span> <span class='ocrx_word' id='word_1_103' title='bbox 768 2111 835 2182; x_wconf 91' lang='lat' dir='ltr'>Hic</span> <span class='ocrx_word' id='word_1_104' title='bbox 854 2135 1078 2207; x_wconf 77' lang='lat' dir='ltr'>magnorum</span> <span class='ocrx_word' id='word_1_105' title='bbox 1139 2163 1140 2169; x_wconf 23' lang='grc' dir='ltr'>ι</span> 
     </span>
     <span class='ocr_line' id='line_1_20' title="bbox 73 2205 1080 2330; baseline 0 -51"><span class='ocrx_word' id='word_1_106' title='bbox 73 2207 234 2303; x_wconf 87' lang='lat' dir='ltr'>pondere</span> <span class='ocrx_word' id='word_1_107' title='bbox 249 2232 323 2278; x_wconf 86' lang='lat' dir='ltr'>aun</span> <span class='ocrx_word' id='word_1_108' title='bbox 314 2205 479 2279; x_wconf 88' lang='lat' dir='ltr'>Thebas</span> <span class='ocrx_word' id='word_1_109' title='bbox 507 2208 610 2292; x_wconf 88' lang='lat' dir='ltr'>venit,</span> <span class='ocrx_word' id='word_1_110' title='bbox 639 2226 673 2280; x_wconf 91' lang='lat' dir='ltr'>et</span> <span class='ocrx_word' id='word_1_111' title='bbox 694 2210 984 2330; x_wconf 81' lang='lat' dir='ltr'>Epaminondam</span> <span class='ocrx_word' id='word_1_112' title='bbox 998 2232 1080 2280; x_wconf 92' lang='lat' dir='ltr'>con-</span> 
     </span>
     <span class='ocr_line' id='line_1_21' title="bbox 74 2301 1078 2422; baseline 0.001 -45"><span class='ocrx_word' id='word_1_113' title='bbox 74 2305 184 2377; x_wconf 87' lang='lat' dir='ltr'>venit.</span> <span class='ocrx_word' id='word_1_114' title='bbox 237 2310 287 2377; x_wconf 91' lang='lat' dir='ltr'>At</span> <span class='ocrx_word' id='word_1_115' title='bbox 317 2305 397 2378; x_wconf 87' lang='lat' dir='ltr'>ille:</span> <span class='ocrx_word' id='word_1_116' title='bbox 437 2305 553 2393; x_wconf 90' lang='lat' dir='ltr'>Nihil,</span> <span class='ocrx_word' id='word_1_117' title='bbox 578 2301 702 2402; x_wconf 87' lang='lat' dir='ltr'>inquit,</span> <span class='ocrx_word' id='word_1_118' title='bbox 731 2334 818 2422; x_wconf 83' lang='lat' dir='ltr'>opus</span> <span class='ocrx_word' id='word_1_119' title='bbox 844 2307 990 2403; x_wconf 89' lang='lat' dir='ltr'>pecunia</span> <span class='ocrx_word' id='word_1_120' title='bbox 1017 2324 1078 2379; x_wconf 89' lang='lat' dir='ltr'>est.</span> 
     </span>
     <span class='ocr_line' id='line_1_22' title="bbox 74 2402 1080 2518; baseline 0.001 -42"><span class='ocrx_word' id='word_1_121' title='bbox 74 2402 217 2476; x_wconf 89' lang='lat' dir='ltr'>Nam</span> <span class='ocrx_word' id='word_1_122' title='bbox 191 2428 219 2475; x_wconf 79' lang='grc' dir='ltr'>ιι</span> <span class='ocrx_word' id='word_1_123' title='bbox 235 2429 274 2475; x_wconf 91' lang='lat' dir='ltr'>ea</span> <span class='ocrx_word' id='word_1_124' title='bbox 291 2429 353 2474; x_wconf 84' lang='lat' dir='ltr'>rex</span> <span class='ocrx_word' id='word_1_125' title='bbox 371 2405 457 2488; x_wconf 85' lang='lat' dir='ltr'>vuit,</span> <span class='ocrx_word' id='word_1_126' title='bbox 476 2430 555 2518; x_wconf 76' lang='lat' dir='ltr'>quae</span> <span class='ocrx_word' id='word_1_127' title='bbox 572 2405 746 2477; x_wconf 86' lang='lat' dir='ltr'>Thebanis</span> <span class='ocrx_word' id='word_1_128' title='bbox 763 2406 829 2477; x_wconf 81' lang='lat' dir='ltr'>sint</span> <span class='ocrx_word' id='word_1_129' title='bbox 854 2405 956 2510; x_wconf 85' lang='lat' dir='ltr'>utilia,</span> <span class='ocrx_word' id='word_1_130' title='bbox 976 2405 1080 2502; x_wconf 85' lang='lat' dir='ltr'>gratis</span> 
     </span>
     <span class='ocr_line' id='line_1_23' title="bbox 61 2501 1080 2617; baseline 0 -43"><span class='ocrx_word' id='word_1_131' title='bbox 61 2501 195 2575; x_wconf 48' lang='lat' dir='ltr'>‘facere</span> <span class='ocrx_word' id='word_1_132' title='bbox 211 2527 290 2575; x_wconf 87' lang='lat' dir='ltr'>sum</span> <span class='ocrx_word' id='word_1_133' title='bbox 307 2522 468 2617; x_wconf 79' lang='lat' dir='ltr'>paratus:</span> <span class='ocrx_word' id='word_1_134' title='bbox 496 2504 549 2576; x_wconf 90' lang='lat' dir='ltr'>sin</span> <span class='ocrx_word' id='word_1_135' title='bbox 565 2521 682 2576; x_wconf 90' lang='lat' dir='ltr'>autem</span> <span class='ocrx_word' id='word_1_136' title='bbox 701 2504 878 2588; x_wconf 88' lang='lat' dir='ltr'>contraria,</span> <span class='ocrx_word' id='word_1_137' title='bbox 893 2504 1080 2576; x_wconf 89' lang='lat' dir='ltr'>nonhabet</span> 
     </span>
     <span class='ocr_line' id='line_1_24' title="bbox 77 2600 1138 2716; baseline 0.001 -43"><span class='ocrx_word' id='word_1_138' title='bbox 77 2600 155 2673; x_wconf 90' lang='lat' dir='ltr'>auri</span> <span class='ocrx_word' id='word_1_139' title='bbox 171 2618 276 2697; x_wconf 90' lang='lat' dir='ltr'>atque</span> <span class='ocrx_word' id='word_1_140' title='bbox 292 2601 431 2715; x_wconf 86' lang='lat' dir='ltr'>argenti</span> <span class='ocrx_word' id='word_1_141' title='bbox 457 2601 546 2674; x_wconf 86' lang='lat' dir='ltr'>satis</span> <span class='ocrx_word' id='word_1_142' title='bbox 598 2605 761 2716; x_wconf 81' lang='lat' dir='ltr'>Namque</span> <span class='ocrx_word' id='word_1_143' title='bbox 790 2601 887 2675; x_wconf 88' lang='lat' dir='ltr'>orbis</span> <span class='ocrx_word' id='word_1_144' title='bbox 910 2621 1084 2714; x_wconf 80' lang='lat' dir='ltr'>terrarum</span> <span class='ocrx_word' id='word_1_145' title='bbox 1137 2627 1138 2686; x_wconf 56' lang='grc' dir='ltr'>ξ</span> 
     </span>
     <span class='ocr_line' id='line_1_25' title="bbox 78 2698 881 2812; baseline 0.003 -42"><span class='ocrx_word' id='word_1_146' title='bbox 78 2699 212 2771; x_wconf 84' lang='lat' dir='ltr'>divitias</span> <span class='ocrx_word' id='word_1_147' title='bbox 230 2698 384 2795; x_wconf 89' lang='lat' dir='ltr'>accipere</span> <span class='ocrx_word' id='word_1_148' title='bbox 401 2701 495 2786; x_wconf 86' lang='lat' dir='ltr'>nolo,</span> <span class='ocrx_word' id='word_1_149' title='bbox 517 2725 583 2812; x_wconf 91' lang='lat' dir='ltr'>pro</span> <span class='ocrx_word' id='word_1_150' title='bbox 600 2699 716 2797; x_wconf 86' lang='lat' dir='ltr'>patriae</span> <span class='ocrx_word' id='word_1_151' title='bbox 734 2701 881 2774; x_wconf 86' lang='lat' dir='ltr'>caritate.</span> 
     </span>
    </p>
   </div>
   <div class='ocr_carea' id='block_1_5' title="bbox 79 2862 1137 3260">
    <p class='ocr_par' dir='ltr' id='par_1_9' title="bbox 79 2862 1137 3387">
     <span class='ocr_line' id='line_1_26' title="bbox 80 2862 1137 2962; baseline 0.001 -25"><span class='ocrx_word' id='word_1_152' title='bbox 80 2865 210 2937; x_wconf 87' lang='lat' dir='ltr'>Certus</span> <span class='ocrx_word' id='word_1_153' title='bbox 226 2888 324 2935; x_wconf 89' lang='lat' dir='ltr'>amor</span> <span class='ocrx_word' id='word_1_154' title='bbox 341 2885 480 2937; x_wconf 89' lang='lat' dir='ltr'>morum</span> <span class='ocrx_word' id='word_1_155' title='bbox 490 2883 564 2938; x_wconf 88' lang='lat' dir='ltr'>est·</span> <span class='ocrx_word' id='word_1_156' title='bbox 583 2862 732 2937; x_wconf 83' lang='lat' dir='ltr'>formam</span> <span class='ocrx_word' id='word_1_157' title='bbox 745 2866 964 2962; x_wconf 75' lang='lat' dir='ltr'>populabitur</span> <span class='ocrx_word' id='word_1_158' title='bbox 974 2881 1078 2960; x_wconf 82' lang='lat' dir='ltr'>aetas,</span> <span class='ocrx_word' id='word_1_159' title='bbox 1136 2897 1137 2952; x_wconf 81' lang='lat'>3</span> 
     </span>
     <span class='ocr_line' id='line_1_27' title="bbox 132 2955 1137 3078; baseline 0.002 -43"><span class='ocrx_word' id='word_1_160' title='bbox 132 2963 178 3035; x_wconf 89' lang='lat' dir='ltr'>Et</span> <span class='ocrx_word' id='word_1_161' title='bbox 194 2962 339 3078; x_wconf 78' lang='lat' dir='ltr'>placitus</span> <span class='ocrx_word' id='word_1_162' title='bbox 356 2964 452 3062; x_wconf 85' lang='lat' dir='ltr'>rugis</span> <span class='ocrx_word' id='word_1_163' title='bbox 469 2965 584 3037; x_wconf 91' lang='lat' dir='ltr'>vultus</span> <span class='ocrx_word' id='word_1_164' title='bbox 601 2980 713 3036; x_wconf 88' lang='lat' dir='ltr'>aratus</span> <span class='ocrx_word' id='word_1_165' title='bbox 729 2963 804 3036; x_wconf 84' lang='lat' dir='ltr'>erit.</span> <span class='ocrx_word' id='word_1_166' title='bbox 1136 2955 1137 2996; x_wconf 59' lang='lat'>¹</span> 
     </span>
     <span class='ocr_line' id='line_1_28' title="bbox 79 3061 1004 3162; baseline 0.003 -27"><span class='ocrx_word' id='word_1_167' title='bbox 79 3064 240 3157; x_wconf 88' lang='lat' dir='ltr'>Tempus</span> <span class='ocrx_word' id='word_1_168' title='bbox 252 3061 332 3150; x_wconf 88' lang='lat' dir='ltr'>erit,</span> <span class='ocrx_word' id='word_1_169' title='bbox 348 3086 421 3157; x_wconf 91' lang='lat' dir='ltr'>quo</span> <span class='ocrx_word' id='word_1_170' title='bbox 437 3087 499 3134; x_wconf 90' lang='lat' dir='ltr'>vos</span> <span class='ocrx_word' id='word_1_171' title='bbox 515 3061 695 3157; x_wconf 83' lang='lat' dir='ltr'>speculum</span> <span class='ocrx_word' id='word_1_172' title='bbox 713 3063 835 3136; x_wconf 80' lang='lat' dir='ltr'>vidisse</span> <span class='ocrx_word' id='word_1_173' title='bbox 851 3062 1004 3162; x_wconf 81' lang='lat' dir='ltr'>pigebit:</span> 
     </span>
     <span class='ocr_line' id='line_1_29' title="bbox 134 3160 815 3260; baseline 0.003 -28"><span class='ocrx_word' id='word_1_174' title='bbox 134 3160 180 3232; x_wconf 89' lang='lat' dir='ltr'>Et</span> <span class='ocrx_word' id='word_1_175' title='bbox 195 3177 324 3250; x_wconf 87' lang='lat' dir='ltr'>vemet,</span> <span class='ocrx_word' id='word_1_176' title='bbox 340 3160 438 3260; x_wconf 85' lang='lat' dir='ltr'>rugis</span> <span class='ocrx_word' id='word_1_177' title='bbox 451 3161 556 3238; x_wconf 79' lang='lat' dir='ltr'>altera</span> <span class='ocrx_word' id='word_1_178' title='bbox 573 3185 685 3249; x_wconf 84' lang='lat' dir='ltr'>causa,</span> <span class='ocrx_word' id='word_1_179' title='bbox 705 3162 815 3234; x_wconf 87' lang='lat' dir='ltr'>dolor.</span> 
     </span>
    </p>
   </div>
   <div class='ocr_carea' id='block_1_6' title="bbox 0 0 1164 3725">
    <p class='ocr_par' dir='ltr' id='par_1_10' title="bbox 0 0 1164 3725">
     <span class='ocr_line' id='line_1_30' title="bbox 0 0 1164 3725; baseline 0 0"><span class='ocrx_word' id='word_1_180' title='bbox 0 0 1164 3725; x_wconf 95' lang='lat' dir='ltr'> </span> 
     </span>
    </p>
   </div>
  </div>
 </body>
</html>
