2292 3725
556 178 614 289 oe

82 363 244 493 Carmina
260 416 333 491 sola
348 434 465 492 carent
479 414 565 509 fsto,
589 433 808 516 mortemque
822 414 1010 534 repellunt.

133 515 401 591 Carminibus
369 540 461 591 vrves
476 540 626 615 semper,
641 520 808 605 Homero
826 518 906 591 tuis

100 686 299 857 dHomines
327 688 504 785 proniores
536 706 617 763 sunt
639 690 685 762 ad
702 689 945 787 voluptatem,
971 687 1090 788 quam

80 806 100 855 a
140 803 313 860 virtutem.

80 959 262 1033 Utendum
280 978 330 1035 est
338 978 470 1053 estate
496 960 566 1035 cito
579 957 671 1059 pede
685 959 838 1059 praeterit
852 978 957 1037 aetas.

131 1058 250 1154 Quam
267 1086 410 1158 cuperes
426 1059 513 1135 votis
529 1060 641 1135 hune
637 1085 802 1135 revocare
813 1060 930 1136 diem!

80 1232 329 1409 dilacboncoriffi
346 1260 461 1332 parvae
477 1260 532 1309 res
548 1251 718 1323 crescunt,
732 1232 903 1309 discordia
920 1233 1095 1312 moximae

173 1352 278 1406 untur

79 1500 177 1577 Dum
196 1502 285 1591 licet,
304 1520 338 1577 et
355 1531 455 1581 veros
472 1508 573 1581 etiam
590 1531 685 1581 nunc
697 1505 796 1581 editis
810 1530 931 1603 moos,

81 1600 285 1697 Discite,
313 1608 396 1678 eunt
412 1606 501 1688 anui
508 1630 607 1679 more
621 1604 759 1689 fluentis
770 1628 950 1704 aqum„

128 1772 336 1850 Diuitiarum
362 1794 396 1850 et
424 1774 549 1852 formae
565 1767 677 1876 gloria
701 1776 807 1866 du'xa,
831 1757 937 1876 atque
953 1768 1095 1878 fragilis

53 1945 55 1950 .
80 1891 155 1966 est,
182 1875 290 1954 virtus
307 1877 398 1964 clara
413 1895 610 1995 aeternaque
628 1878 808 1953 habetur.

6 2073 10 2080 ·
78 2009 221 2124 Labitur
237 2049 374 2124 occulti
379 2013 545 2166 'fallitque
561 2049 706 2126 volatilis
721 2066 815 2160 aetas,
936 2105 942 2117 .
1001 2053 1005 2061 ’

78 2145 126 2222 Et
140 2147 226 2222 nihii
242 2167 293 2222 est
308 2149 405 2222 annis
421 2150 585 2226 velocius.

118 2321 315 2494 {mitia
312 2303 442 2415 iidem,
484 2275 706 2440 probitatem,
748 2276 949 2422 ceterasque
992 2341 1095 2400 artes

77 2445 117 2494 su
140 2439 242 2502 vernt

77 2594 269 2668 'leodimus
286 2597 355 2670 huc
372 2619 503 2683 omnes,
519 2612 647 2668 metam
660 2615 886 2698 properamus
901 2593 945 2666 ad
956 2616 1092 2702 uuam3

127 2693 258 2766 Omnia
272 2697 338 2766 sub
355 2695 449 2792 leges
466 2702 560 2768 mors*
576 2711 677 2767 vocat
688 2713 761 2766 atra
775 2717 864 2766 suas.

126 2869 245 2944 cesar
274 2841 458 2954 beneficiis,
489 2894 528 2942 ac
558 2865 793 2941 munificentia
810 2889 959 2964 magnus
975 2864 1088 2965 habe-

76 2967 204 3056 batur;
230 2966 423 3066 integritate
440 2967 518 3041 vitae
531 2969 637 3040 Cato.

79 3133 169 3234 Quis
184 3123 282 3209 furor
299 3141 474 3212 est'atram
490 3137 589 3210 bellis
605 3144 775 3210 arcessere
792 3132 967 3210 ntorte'm?
1019 3150 1024 3157 '
1071 3120 1076 3128 ’

122 3233 291 3323 Imminet,
311 3250 345 3308 et
362 3235 463 3311 tacito
481 3236 571 3309 clam
588 3235 681 3310 venit
697 3233 754 3308 illa
777 3235 876 3331 pede.
