2292 3725
516 117 675 235 ,41'

76 352 155 429 Stat
172 353 379 452 suaeuique
395 351 490 427 diest
521 354 633 425 'breve
656 366 693 426 et
715 350 933 451 irreparabile
948 368 1107 449 tempus.

78 453 260 527 Omnibus
289 473 340 527 est
366 453 469 525 vitae:
513 450 576 525 sed
603 448 732 525 famam
760 451 948 526 extendere
974 448 1087 541 factis,

76 554 161 625 Hoc
181 553 314 625 virtutis
332 576 441 647 opus,
725 555 730 569 ”

132 724 232 797 Nihil
259 704 412 814 interest,
442 722 547 817 animi
576 741 675 797 motu
706 721 852 810 sublato,
895 745 968 795 non
1008 718 1087 794 dieo

78 823 171 905 inter
199 825 369 919 pecudem
399 842 437 915 et,
460 823 652 915 hominem,
684 826 744 895 sed
787 822 874 894 iuter
909 818 1087 893 bominem

77 939 115 1093 Et
144 945 292 1022 aarum,
308 940 367 997 aut
394 940 571 1010 truncum,
596 921 655 995 aut
682 919 818 1018 quidvis
841 920 977 1021 generis
1001 920 1088 1036 ejus-

104 1044 174 1095 em.

355 1191 359 1200 ·
379 1172 486 1246 Vasto
503 1196 567 1245 rex
584 1172 712 1245 AEolus
731 1188 831 1244 antro
853 1169 877 1206 ‘³·
932 1247 942 1269 Ι,

80 1270 270 1343 Luctantes
286 1288 424 1359 ventos,
437 1289 723 1368 tempestatesque
739 1291 882 1343 sonoras
895 1311 899 1317 ·

80 1368 232 1465 Imperio
249 1370 386 1471 premit,
402 1394 442 1443 ac
460 1368 581 1443 vinclis
597 1386 631 1441 et
648 1394 786 1455 carcere
801 1364 935 1441 fraenat.
984 1460 986 1462 ι

128 1542 338 1639 Vespasiani,
368 1543 456 1616 inter
486 1561 600 1615 cetera
634 1544 738 1629 bona,
781 1539 868 1613 illud
910 1537 962 1610 sin
1012 1538 1084 1613 lare

76 1638 155 1725 fuit,
182 1642 372 1738 inimicitias
396 1642 572 1715 oblivisci:
612 1641 705 1715 'adeb
745 1655 780 1711 ut
809 1636 939 1712 Vitellii
998 1640 1084 1713 ostia

78 1738 133 1811 sui
183 1737 288 1812 filiam
349 1739 618 1837 locupletissime
682 1736 859 1821 dotaverit,
921 1752 958 1809 et
1008 1736 1085 1810 uiro

77 1836 353 1934 splendidissimo
383 1841 419 1913 in
447 1839 707 1914 matrimonium
731 1834 875 1911 dederit.
904 1886 907 1891 ·
938 1835 1085 1910 Ferebat

77 1963 221 2034 quoque
256 1939 422 2034 patienter
458 1939 696 2030 contumelias,
738 1935 836 2042 dictis
871 1933 1084 2034 jocularibus

75 2039 301 2132 respondens

77 2183 180 2257 Rura
204 2211 345 2356 thotffie
380 2185 554 2260 oblectent
591 2185 738 2275 animos,
764 2160 987 2286 studiumque
1024 2211 1082 2261 co·

123 2301 126 2306 ’
242 2309 285 2355 en
337 2311 374 2358 :s
736 2296 740 2305 '

130 2381 305 2476 Quaelibet
321 2383 402 2458 huic
420 2377 512 2458 curae
530 2385 653 2457 cedere
669 2407 753 2458 cura
769 2399 893 2480 potest.

55 2623 59 2629 ,
127 2541 167 2614 Ρ.
181 2541 360 2630 Claudius,
372 2542 466 2615 bello
482 2539 616 2616 Punico
633 2541 759 2640 primo,
773 2541 859 2615 curn
875 2542 981 2619 caveri.
997 2543 1097 2617 libe-·

74 2640 141 2712 rati
159 2640 244 2736 pulli
261 2665 332 2714 non
345 2659 579 2737 pascerentur,
592 2640 702 2739 mergi
714 2665 773 2714 eos
786 2640 822 2713 in
834 2666 960 2739 aquarn
968 2645 1077 2743 jussit,

74 2757 115 2810 ut
132 2741 298 2826 biberent,
319 2741 480 2838 quoniam
499 2765 572 2813 esse
587 2738 731 2814 nollent.
782 2754 784 2761 '
1117 2751 1122 2761 '

74 2919 171 2992 Nam
189 2919 293 2992 veluti
310 2921 408 3016 pueri
426 2921 609 3017 trepidant,
626 2938 729 3016 atque
746 2923 861 2995 omnia
877 2922 977 2999 caecis

75 3020 118 3090 In
134 3019 283 3094 tenebris
300 3037 479 3093 metuunt:
507 3020 554 3092 sic
572 3044 637 3092 nos
651 3020 686 3092 in
705 3021 782 3094 luce
798 3022 961 3103 timemus

75 3116 256 3211 Interdum
273 3118 380 3212 nihilo
398 3145 477 3218 quae
494 3135 574 3192 sunt
589 3119 773 3216 metuenda
785 3122 904 3219 magis,
918 3120 1026 3218 quim

76 3219 171 3310 Quas
188 3218 287 3314 pueri
305 3217 340 3292 in
357 3217 506 3309 tenebris
523 3216 683 3314 pavitant,
702 3235 931 3316 metuuntque
947 3220 1072 3292 futura.
