2292 3725
544 76 600 158 ‘i8

122 266 166 341 c.
197 264 312 343 nus
357 268 489 358 cm,
514 272 588 373 qn
608 224 610 229 ’
630 274 772 351 victoria
810 268 1072 353 cremassent·

70 388 154 437 usus
182 384 243 452 est,
267 368 356 443 cinn
387 370 510 443 scrinia
542 374 821 471 deprehendisset
852 362 1073 471 epistolarum

69 464 114 535 ad
140 462 346 561 Pompeium
375 469 555 544 missarum
579 476 622 547 ab
647 474 702 562 iis,
731 473 791 571 qui
819 474 1027 547 videbantur
1042 472 1072 542 in

69 562 211 737 gigsesirpis
239 560 354 639 fuisse.
383 568 554 662 partibus,
581 572 697 671 legere
729 574 854 661 noluit,
886 573 951 646 sed
985 594 1074 671 com·

70 832 127 906 En
144 860 223 937 ego,
240 859 311 909 non
328 838 446 935 paucis
463 842 641 938 quondam
659 843 813 933 munitus
828 838 958 929 amieis,

120 934 221 1008 Durn
236 936 328 1007 flavit
340 940 430 1012 uelis·
439 966 523 1013 aurs
537 944 688 1015 secunda
706 943 813 1031 meis;

71 1034 126 1104 Ut
141 1029 215 1105 fera
230 1034 389 1128 nimboso
406 1057 607 1112 tumuerunt
624 1052 766 1137 aequo'ra
782 1054 897 1126 vento,

121 1132 163 1203 ln
181 1134 314 1223 mediis,
331 1129 445 1209 laceri
462 1162 590 1235 puppe,
604 1140 781 1236 relinquor
796 1138 905 1236 aquis.

121 1282 319 1371 AEsehines,
343 1324 348 1333 ·
370 1284 457 1359 cum
486 1290 642 1380 'propter
686 1284 909 1380 ignominiam
962 1282 1080 1382 judicii

1132 24 1139 325 l

73 1381 225 1457 cessisset
275 1382 437 1470 Athenis,
486 1399 522 1455 et
569 1408 608 1455 se
650 1384 820 1456 Rhodum
866 1384 1079 1469 contulisset,
1138 1390 1139 1405 ³

72 1496 214 1577 rogatus
241 1506 267 1558 ,a
292 1482 453 1570 Rhodiis,
481 1482 604 1578 legisse
630 1480 741 1555 fertur
765 1481 957 1553 orationem
985 1480 1080 1553 illam

73 1578 258 1675 egregiam,
285 1605 393 1674 quarn
421 1580 458 1652 in
490 1579 753 1676 Ctesiphontem
781 1598 902 1653 contra
930 1581 1081 1653 Demos·

73 1676 214 1765 thenenr
239 1678 398 1750 dixerat:
425 1674 497 1775 quai
526 1678 691 1774 perlecti,
721 1680 867 1775 petitum
895 1695 947 1751 est
974 1682 1020 1751 ab
1037 1703 1081 1753 eu

74 1773 249 1871 postridie,
268 1774 458 1874 utlegoret
486 1778 581 1851 iilam
606 1780 722 1866 etiam,
757 1802 836 1876 quae
857 1796 931 1849 erat
958 1772 1084 1851 contri

73 1898 95 1944 a
139 1875 377 1950 Demosthene
417 1903 483 1974 pro
533 1877 760 1973 Ctesiphonte
792 1875 892 1950 edita.
963 1879 1084 1972 Quam

75 1973 161 2048 crint
177 1975 376 2051 suavissimi
394 1993 428 2050 et
456 1973 609 2050 maximi
638 2001 724 2048 voce
749 1975 897 2072 legisset,
915 1978 1088 2056 adiuuan-

75 2074 167 2148 tibus
198 2074 381 2147 omnibus:
422 2078 579 2170 Quanto,
605 2072 729 2174 iuquit,
761 2076 870 2173 magis
897 2073 1086 2150 admirare·

76 2173 171 2260 mini,
188 2173 218 2246 si
232 2170 411 2248 audissetis
425 2171 558 2272 ipsum!

79 2322 177 2420 Quid
193 2321 277 2396 mihi
293 2321 441 2412 divitiae3
468 2343 617 2418 quarum
632 2320 661 2393 si
677 2318 840 2392 demseris
856 2341 971 2404 usum,
1034 2343 1035 2348 ¹

129 2423 298 2518 Quamvis
312 2421 429 2520 largus
445 2445 566 2516 opum,
586 2445 721 2515 semper
738 2441 868 2517 egenus
885 2415 972 2491 ero?
1005 2503 1008 2510 Ι

64 2523 163 2594 ¹Non
179 2523 275 2594 aliter
293 2520 408 2592 sitiens
423 2519 551 2592 vicinas
564 2517 732 2591 Tantalus
749 2517 858 2588 undas

132 2620 267 2718 Captet,
285 2639 319 2690 et
336 2617 495 2716 appositis
511 2618 656 2690 abstinet
673 2642 733 2690 ora
750 2615 844 2689 cibis.

131 2765 230 2862 Quid
259 2761 392 2838 facilius
423 2764 490 2837 fuit
520 2765 595 2864 regi
630 2750 819 2864 Antigone,
863 2759 977 2860 quitur
999 2761 1093 2838 duos

30 2900 35 2903 ·
81 2862 206 2938 milites
245 2865 289 2936 ad
321 2864 528 2960 supplicium
555 2864 641 2936 duci
666 2867 800 2962 jubere,
834 2862 905 2960 qui,
937 2861 1093 2956 proximi

81 2963 178 3062 regio
196 2961 429 3050 tabernaculo,
446 2963 491 3036 de
506 2985 589 3058 rege
605 2987 668 3036 suo
694 2963 802 3035 multa
818 2974 947 3036 temere
978 2959 1094 3034 effuti-

82 3062 209 3135 ebt'nt?
258 3062 427 3134 Audierat
458 3062 575 3134 omnia
606 3061 817 3157 Antigonus,
850 3076 971 3154 utpote
985 3091 988 3100 ·
996 3059 1095 3150 uum

83 3157 355 3234 interdicentes
381 3176 415 3234 et
448 3159 642 3238 audientem
673 3157 957 3272 voluntantum
986 3157 1093 3232 inter·
