2292 3725
534 220 581 297 81

42 417 150 501 udeh,
168 438 223 495 .ut
262 446 383 517 pacem
415 406 678 517 deprecantibus
719 404 871 508 dederit,'
902 434 936 495 et
964 420 1076 494 mitisv

40 520 215 593 aduersus
231 521 338 592 victos
353 518 468 591 fuerit.

43 718 211 811 Improba
220 718 364 810 solicitae
382 735 419 790 tu
437 741 548 803 causa,
569 718 726 813 pecunia,
743 717 821 793 vitae
840 742 885 805 es,

75 810 165 886 'Per
183 834 215 887 te
232 817 454 888 immaturum
475 819 592 888 mortis
606 818 739 889 adimus
756 819 830 889 iter.

43 913 101 984 Tu
120 914 209 985 vitiis
226 915 408 986 hominum
426 914 577 985 crudelia
593 916 717 1011 pabula
733 919 888 1011 praebes;

94 1012 237 1086 Semina
253 1036 418 1086 curarum=
429 1014 473 1085 de
489 1013 598 1109 capite
615 1031 690 1085 orta
706 1030 779 1087 tuo,

93 1209 329 1283 Antimachus
373 1208 510 1283 Clarius
557 1225 672 1304 poeta,
719 1210 818 1299 cirin,
861 1213 1057 1285 convocatis

45 1309 260 1382 auditoribus
293 1307 422 1405 legeret
451 1330 619 1404 magnum
651 1308 817 1381 volumen
846 1332 981 1399 suum,
1021 1328 1055 1383 et

46 1431 129 1482 eum
164 1406 336 1504 legentem
378 1428 499 1477 omnes
530 1421 657 1500 praeter
690 1406 869 1499 Platonem
902 1404 1056 1505 renquia-

47 1524 149 1579 sentt
191 1506 337 1601 Legem,
370 1501 494 1601 inquit,
538 1501 762 1577 nihilominus
775 1531 787 1597 ;
830 1504 928 1585 Plato
963 1502 1055 1579 enim

47 1604 134 1676 mihi
151 1611 244 1677 uuus'
257 1603 363 1673 instar
379 1618 430 1675 est
446 1599 615 1673 omniurn.
659 1656 662 1661 .

47 1800 136 1876 ΕΝ
151 1799 261 1874 nitent
277 1797 342 1885 1¹8ss
352 1826 368 1891 ‘3
396 1796 497 1873 vestis
513 1800 605 1873 hona
622 1798 746 1897 quaerit
762 1796 902 1891 haberi3

97 1903 297 1974 Canescunt
314 1899 406 1998 turpi
418 1915 507 1972 tecta
523 1898 641 1970 relicta
657 1899 735 1970 situ.
1109 1985 1114 1992 ἱ

48 1998 141 2070 Hinc
158 1997 261 2070 famae
277 1997 417 2094 vigilare
435 1999 527 2068 'unet
537 2024 548 2085 ;
577 1994 653 2091 quis
671 1995 787 2094 ndsset
804 1997 1013 2086 Homerum,

97 2097 175 2167 llias
190 2113 360 2168 aeternum
378 2096 405 2166 si
422 2024 572 2166 latuisset
589 2093 702 2187 opus?

51 2194 139 2289 Quis
154 2197 304 2266 Danaen
319 2191 449 2278 misser,
467 2191 494 2262 si
511 2215 646 2286 semper
661 2191 775 2264 clausa
786 2189 902 2270 fuisset
917 2223 928 2286 3

91 2297 208 2389 ‘Inque
224 2291 288 2364 sus
305 2296 391 2365 turri
413 2289 626 2386 perlatuisset
643 2297 754 2361 anus?

80 2490 197 2564 'Ciam
215 2487 306 2584 apud
323 2487 521 2583 Philippum
546 2509 665 2584 regem
683 2511 754 2582 prae
772 2484 852 2560 vino
870 2486 1055 2586 dormitan-

50 2604 120 2662 tem
152 2587 292 2660 dixisset
319 2612 458 2679 causam
492 2587 626 2669 mulier,
670 2583 856 2698 fuissetque
881 2587 1054 2660 immeriti)

52 2689 235 2775 damnata-3
263 2685 466 2761 exclamavit
482 2711 519 2757 se
535 2689 578 2757 ab
610 2685 682 2780 ejus
704 2683 833 2784 judicto
855 2709 1053 2782 provocare.

52 2785 111 2856 Ad
145 2811 251 2880 quern
272 2785 361 2881 ergit
397 2784 617 2877 proclamas?
667 2781 777 2876 inquit
827 2807 891 2868 rex
937 2784 1053 2856 iratus.
1123 2819 1126 2826 ·

53 2886 89 2954 A
101 2883 268 2976 Philippo,
297 2883 470 2976 respondit
487 2882 556 2966 illa,
580 2882 667 2950 hene
685 2896 767 2974 poto
785 2897 818 2951 et
835 2880 1053 2966 dormitante,

54 2981 97 3051 ad
114 2980 309 3076 Philippum
326 2980 479 3052 sobrium
497 3001 531 3050 et
546 2977 752 3073 vigilantem.
804 2977 966 3050 Excussit
982 2980 1056 3076 regi

57 3083 229 3175 crapulam
248 3097 281 3169 et
310 3078 573 3151 somnolentiam
591 3093 661 3164 tam
679 3075 826 3146 liberum
844 3075 1056 3150 mulierculae

56 3201 257 3275 responsum
271 3207 281 3265 3
310 3195 355 3262 et,
379 3177 484 3250 c'aush
500 3179 574 3275 ejus
588 3173 790 3274 'diligentiis
806 3172 970 3272 inspectit,
987 3177 1055 3273 jus·

57 3275 173 3350 liorem
189 3275 389 3349 sententiam
407 3275 494 3348 tulit.
