<?xml version="1.0" encoding="UTF-8"?>
<!DOCTYPE html PUBLIC "-//W3C//DTD XHTML 1.0 Transitional//EN"
    "http://www.w3.org/TR/xhtml1/DTD/xhtml1-transitional.dtd">
<html xmlns="http://www.w3.org/1999/xhtml" xml:lang="en" lang="en">
 <head>
  <title>
</title>
<meta http-equiv="Content-Type" content="text/html;charset=utf-8" />
  <meta name='ocr-system' content='tesseract 3.04.00' />
  <meta name='ocr-capabilities' content='ocr_page ocr_carea ocr_par ocr_line ocrx_word'/>
</head>
<body>
  <div class='ocr_page' id='page_1' title='image "./delectussentent04valpgoog_0093.png"; bbox 0 0 2292 3725; ppageno 0'>
   <div class='ocr_carea' id='block_1_1' title="bbox 433 22 637 174">
    <p class='ocr_par' dir='ltr' id='par_1_1' title="bbox 433 22 637 174">
     <span class='ocr_line' id='line_1_1' title="bbox 433 22 637 174; baseline 0.015 -3"><span class='ocrx_word' id='word_1_1' title='bbox 433 22 637 174; x_wconf 61' lang='lat' dir='ltr'>‘tu</span> 
     </span>
    </p>
   </div>
   <div class='ocr_carea' id='block_1_2' title="bbox 60 269 1065 498">
    <p class='ocr_par' dir='ltr' id='par_1_2' title="bbox 60 242 1065 498">
     <span class='ocr_line' id='line_1_2' title="bbox 62 269 1065 395; baseline 0.004 -33"><span class='ocrx_word' id='word_1_2' title='bbox 62 301 173 359; x_wconf 78' lang='lat' dir='ltr'>osset:</span> <span class='ocrx_word' id='word_1_3' title='bbox 195 269 310 381; x_wconf 58' lang='lat' dir='ltr'>lquod</span> <span class='ocrx_word' id='word_1_4' title='bbox 341 283 410 359; x_wconf 87' lang='lat' dir='ltr'>ille&#39;</span> <span class='ocrx_word' id='word_1_5' title='bbox 421 283 549 361; x_wconf 82' lang='lat' dir='ltr'>lenter</span> <span class='ocrx_word' id='word_1_6' title='bbox 573 288 775 383; x_wconf 76' lang='lat' dir='ltr'>commorit,</span> <span class='ocrx_word' id='word_1_7' title='bbox 803 288 867 367; x_wconf 70' lang='lat' dir='ltr'>&#39;etr</span> <span class='ocrx_word' id='word_1_8' title='bbox 895 294 1065 395; x_wconf 78' lang='lat' dir='ltr'>Longius,</span> 
     </span>
     <span class='ocr_line' id='line_1_3' title="bbox 60 382 882 498; baseline -0.018 -26"><span class='ocrx_word' id='word_1_9' title='bbox 60 382 185 479; x_wconf 81' lang='lat' dir='ltr'>inquit,</span> <span class='ocrx_word' id='word_1_10' title='bbox 203 384 379 498; x_wconf 85' lang='lat' dir='ltr'>discedite,</span> <span class='ocrx_word' id='word_1_11' title='bbox 394 408 441 458; x_wconf 89' lang='lat' dir='ltr'>oe</span> <span class='ocrx_word' id='word_1_12' title='bbox 454 407 518 459; x_wconf 81' lang='lat' dir='ltr'>uos</span> <span class='ocrx_word' id='word_1_13' title='bbox 534 408 598 459; x_wconf 78' lang='lat' dir='ltr'>rex</span> <span class='ocrx_word' id='word_1_14' title='bbox 612 390 738 463; x_wconf 87' lang='lat' dir='ltr'>audiat.</span> <span class='ocrx_word' id='word_1_15' title='bbox 828 472 832 478; x_wconf 27' lang='lat'>¹</span> <span class='ocrx_word' id='word_1_16' title='bbox 878 390 882 397; x_wconf 82' lang='lat'>&#39;</span> 
     </span>
    </p>
   </div>
   <div class='ocr_carea' id='block_1_3' title="bbox 60 573 1045 1167">
    <p class='ocr_par' dir='ltr' id='par_1_3' title="bbox 60 573 1045 1167">
     <span class='ocr_line' id='line_1_4' title="bbox 60 573 871 677; baseline 0.009 -31"><span class='ocrx_word' id='word_1_17' title='bbox 60 573 192 647; x_wconf 87' lang='lat' dir='ltr'>Nescio</span> <span class='ocrx_word' id='word_1_18' title='bbox 209 576 280 674; x_wconf 73' lang='lat' dir='ltr'>quit</span> <span class='ocrx_word' id='word_1_19' title='bbox 297 576 409 649; x_wconf 80' lang='lat' dir='ltr'>natale</span> <span class='ocrx_word' id='word_1_20' title='bbox 423 576 539 669; x_wconf 85' lang='lat' dir='ltr'>solum</span> <span class='ocrx_word' id='word_1_21' title='bbox 554 578 738 656; x_wconf 82' lang='lat' dir='ltr'>dulcedine</span> <span class='ocrx_word' id='word_1_22' title='bbox 754 596 871 677; x_wconf 89' lang='lat' dir='ltr'>captos</span> 
     </span>
     <span class='ocr_line' id='line_1_5' title="bbox 111 670 867 762; baseline 0.008 -17"><span class='ocrx_word' id='word_1_23' title='bbox 111 670 231 762; x_wconf 80' lang='lat' dir='ltr'>Ducit,</span> <span class='ocrx_word' id='word_1_24' title='bbox 251 692 284 745; x_wconf 92' lang='lat' dir='ltr'>et</span> <span class='ocrx_word' id='word_1_25' title='bbox 300 676 520 748; x_wconf 87' lang='lat' dir='ltr'>immemores</span> <span class='ocrx_word' id='word_1_26' title='bbox 536 701 609 747; x_wconf 89' lang='lat' dir='ltr'>non</span> <span class='ocrx_word' id='word_1_27' title='bbox 625 678 702 751; x_wconf 87' lang='lat' dir='ltr'>sinit</span> <span class='ocrx_word' id='word_1_28' title='bbox 714 703 787 751; x_wconf 90' lang='lat' dir='ltr'>esse</span> <span class='ocrx_word' id='word_1_29' title='bbox 803 680 867 751; x_wconf 88' lang='lat' dir='ltr'>sui.</span> 
     </span>
     <span class='ocr_line' id='line_1_6' title="bbox 63 768 1045 879; baseline 0.003 -32"><span class='ocrx_word' id='word_1_30' title='bbox 63 768 162 867; x_wconf 78' lang='lat' dir='ltr'>Quid</span> <span class='ocrx_word' id='word_1_31' title='bbox 180 774 303 845; x_wconf 84' lang='lat' dir='ltr'>melius</span> <span class='ocrx_word' id='word_1_32' title='bbox 322 772 463 846; x_wconf 73' lang='lat' dir='ltr'>Romi?</span> <span class='ocrx_word' id='word_1_33' title='bbox 488 776 651 871; x_wconf 83' lang='lat' dir='ltr'>Scythico</span> <span class='ocrx_word' id='word_1_34' title='bbox 668 776 750 871; x_wconf 92' lang='lat' dir='ltr'>quid</span> <span class='ocrx_word' id='word_1_35' title='bbox 774 774 903 874; x_wconf 84' lang='lat' dir='ltr'>frigore</span> <span class='ocrx_word' id='word_1_36' title='bbox 920 782 1045 879; x_wconf 81' lang='lat' dir='ltr'>pejus?</span> 
     </span>
     <span class='ocr_line' id='line_1_7' title="bbox 111 870 857 973; baseline 0.008 -32"><span class='ocrx_word' id='word_1_37' title='bbox 111 872 193 943; x_wconf 89' lang='lat' dir='ltr'>Huc</span> <span class='ocrx_word' id='word_1_38' title='bbox 210 888 326 943; x_wconf 85' lang='lat' dir='ltr'>tamen</span> <span class='ocrx_word' id='word_1_39' title='bbox 342 896 387 943; x_wconf 85' lang='lat' dir='ltr'>ex</span> <span class='ocrx_word' id='word_1_40' title='bbox 404 870 464 943; x_wconf 76' lang='lat' dir='ltr'>illi</span> <span class='ocrx_word' id='word_1_41' title='bbox 476 874 641 945; x_wconf 82' lang='lat' dir='ltr'>barbarus</span> <span class='ocrx_word' id='word_1_42' title='bbox 656 878 740 945; x_wconf 90' lang='lat' dir='ltr'>urbe</span> <span class='ocrx_word' id='word_1_43' title='bbox 757 872 857 973; x_wconf 86' lang='lat' dir='ltr'>fugit.</span> 
     </span>
     <span class='ocr_line' id='line_1_8' title="bbox 62 970 994 1058; baseline 0.01 -20"><span class='ocrx_word' id='word_1_44' title='bbox 62 971 234 1040; x_wconf 87' lang='lat' dir='ltr'>Assuetos</span> <span class='ocrx_word' id='word_1_45' title='bbox 251 970 338 1041; x_wconf 88' lang='lat' dir='ltr'>tauri</span> <span class='ocrx_word' id='word_1_46' title='bbox 354 970 474 1058; x_wconf 86' lang='lat' dir='ltr'>saltus,</span> <span class='ocrx_word' id='word_1_47' title='bbox 490 989 623 1043; x_wconf 86' lang='lat' dir='ltr'>assueta</span> <span class='ocrx_word' id='word_1_48' title='bbox 640 972 757 1045; x_wconf 87' lang='lat' dir='ltr'>leones</span> <span class='ocrx_word' id='word_1_49' title='bbox 992 1050 994 1053; x_wconf 69' lang='grc'>,</span> 
     </span>
     <span class='ocr_line' id='line_1_9' title="bbox 73 1065 870 1167; baseline 0.008 -29"><span class='ocrx_word' id='word_1_50' title='bbox 73 1150 86 1161; x_wconf 44' lang='grc'>,</span> <span class='ocrx_word' id='word_1_51' title='bbox 114 1066 210 1163; x_wconf 85' lang='lat' dir='ltr'>(Nec</span> <span class='ocrx_word' id='word_1_52' title='bbox 226 1065 341 1141; x_wconf 89' lang='lat' dir='ltr'>feritas</span> <span class='ocrx_word' id='word_1_53' title='bbox 355 1066 434 1141; x_wconf 88' lang='lat' dir='ltr'>illos</span> <span class='ocrx_word' id='word_1_54' title='bbox 449 1069 610 1165; x_wconf 88' lang='lat' dir='ltr'>impedit)</span> <span class='ocrx_word' id='word_1_55' title='bbox 627 1088 722 1143; x_wconf 87' lang='lat' dir='ltr'>antra</span> <span class='ocrx_word' id='word_1_56' title='bbox 739 1088 870 1167; x_wconf 82' lang='lat' dir='ltr'>petunt.</span> 
     </span>
    </p>
   </div>
   <div class='ocr_carea' id='block_1_4' title="bbox 62 1237 1085 1633">
    <p class='ocr_par' dir='ltr' id='par_1_4' title="bbox 62 1237 1085 1633">
     <span class='ocr_line' id='line_1_10' title="bbox 71 1237 1072 1337; baseline 0.006 -28"><span class='ocrx_word' id='word_1_57' title='bbox 71 1260 74 1264; x_wconf 73' lang='grc'>’</span> <span class='ocrx_word' id='word_1_58' title='bbox 111 1238 199 1332; x_wconf 51' lang='lat' dir='ltr'>&lt;Rea</span> <span class='ocrx_word' id='word_1_59' title='bbox 215 1237 364 1325; x_wconf 85' lang='lat' dir='ltr'>Prusias,</span> <span class='ocrx_word' id='word_1_60' title='bbox 395 1238 480 1313; x_wconf 78' lang='lat' dir='ltr'>cum</span> <span class='ocrx_word' id='word_1_61' title='bbox 511 1241 695 1313; x_wconf 81' lang='lat' dir='ltr'>Hannibali</span> <span class='ocrx_word' id='word_1_62' title='bbox 712 1242 804 1337; x_wconf 90' lang='lat' dir='ltr'>apud</span> <span class='ocrx_word' id='word_1_63' title='bbox 821 1266 903 1315; x_wconf 91' lang='lat' dir='ltr'>eurn</span> <span class='ocrx_word' id='word_1_64' title='bbox 919 1242 1072 1316; x_wconf 82' lang='lat' dir='ltr'>exulanti</span> 
     </span>
     <span class='ocr_line' id='line_1_11' title="bbox 62 1338 1074 1436; baseline 0.005 -28"><span class='ocrx_word' id='word_1_65' title='bbox 62 1362 223 1433; x_wconf 86' lang='lat' dir='ltr'>pugnare</span> <span class='ocrx_word' id='word_1_66' title='bbox 254 1338 417 1434; x_wconf 85' lang='lat' dir='ltr'>placeret,</span> <span class='ocrx_word' id='word_1_67' title='bbox 450 1342 598 1436; x_wconf 85' lang='lat' dir='ltr'>negabat</span> <span class='ocrx_word' id='word_1_68' title='bbox 635 1364 671 1410; x_wconf 87' lang='lat' dir='ltr'>se</span> <span class='ocrx_word' id='word_1_69' title='bbox 701 1342 840 1429; x_wconf 85' lang='lat' dir='ltr'>audere,</span> <span class='ocrx_word' id='word_1_70' title='bbox 874 1338 961 1413; x_wconf 75' lang='lat' dir='ltr'>&#39;cunr</span> <span class='ocrx_word' id='word_1_71' title='bbox 978 1360 1074 1413; x_wconf 61' lang='lat' dir='ltr'>,exta</span> 
     </span>
     <span class='ocr_line' id='line_1_12' title="bbox 64 1436 1074 1533; baseline 0.007 -29"><span class='ocrx_word' id='word_1_72' title='bbox 64 1436 301 1530; x_wconf 81' lang='lat' dir='ltr'>prohiberent.</span> <span class='ocrx_word' id='word_1_73' title='bbox 345 1440 412 1509; x_wconf 73' lang='lat' dir='ltr'>&#39;An</span> <span class='ocrx_word' id='word_1_74' title='bbox 442 1456 494 1527; x_wconf 90' lang='lat' dir='ltr'>tu,</span> <span class='ocrx_word' id='word_1_75' title='bbox 528 1438 639 1533; x_wconf 91' lang='lat' dir='ltr'>inquit</span> <span class='ocrx_word' id='word_1_76' title='bbox 668 1438 736 1523; x_wconf 79' lang='lat' dir='ltr'>ille,</span> <span class='ocrx_word' id='word_1_77' title='bbox 767 1438 969 1533; x_wconf 59' lang='lat' dir='ltr'>caruncula</span> <span class='ocrx_word' id='word_1_78' title='bbox 987 1440 1074 1512; x_wconf 83' lang='lat' dir='ltr'>vitu-</span> 
     </span>
     <span class='ocr_line' id='line_1_13' title="bbox 64 1523 1085 1633; baseline 0.005 -27"><span class='ocrx_word' id='word_1_79' title='bbox 64 1535 148 1609; x_wconf 86' lang='lat' dir='ltr'>linae</span> <span class='ocrx_word' id='word_1_80' title='bbox 164 1538 283 1621; x_wconf 85' lang='lat' dir='ltr'>mavis,</span> <span class='ocrx_word' id='word_1_81' title='bbox 302 1535 411 1631; x_wconf 69' lang='lat' dir='ltr'>quam</span> <span class='ocrx_word' id='word_1_82' title='bbox 426 1536 629 1633; x_wconf 87' lang='lat' dir='ltr'>Imperatori</span> <span class='ocrx_word' id='word_1_83' title='bbox 646 1537 762 1623; x_wconf 89' lang='lat' dir='ltr'>veteri,</span> <span class='ocrx_word' id='word_1_84' title='bbox 782 1523 951 1610; x_wconf 76' lang='lat' dir='ltr'>credere?</span> <span class='ocrx_word' id='word_1_85' title='bbox 1081 1578 1085 1587; x_wconf 27' lang='grc' dir='ltr'><strong>Δ</strong></span> 
     </span>
    </p>
   </div>
   <div class='ocr_carea' id='block_1_5' title="bbox 63 1708 996 2105">
    <p class='ocr_par' dir='ltr' id='par_1_5' title="bbox 63 1708 859 1907">
     <span class='ocr_line' id='line_1_14' title="bbox 63 1708 859 1807; baseline 0 -25"><span class='ocrx_word' id='word_1_86' title='bbox 63 1708 167 1783; x_wconf 88' lang='lat' dir='ltr'>Dum</span> <span class='ocrx_word' id='word_1_87' title='bbox 177 1710 286 1807; x_wconf 77' lang='lat' dir='ltr'>juvat,</span> <span class='ocrx_word' id='word_1_88' title='bbox 300 1726 336 1782; x_wconf 90' lang='lat' dir='ltr'>et</span> <span class='ocrx_word' id='word_1_89' title='bbox 352 1710 452 1783; x_wconf 80' lang='lat' dir='ltr'>vultu</span> <span class='ocrx_word' id='word_1_90' title='bbox 463 1709 556 1782; x_wconf 56' lang='lat' dir='ltr'>&#39;ridet&#39;</span> <span class='ocrx_word' id='word_1_91' title='bbox 568 1708 708 1783; x_wconf 85' lang='lat' dir='ltr'>fortuna</span> <span class='ocrx_word' id='word_1_92' title='bbox 724 1734 859 1800; x_wconf 90' lang='lat' dir='ltr'>sereno,</span> 
     </span>
     <span class='ocr_line' id='line_1_15' title="bbox 115 1809 799 1907; baseline 0.003 -27"><span class='ocrx_word' id='word_1_93' title='bbox 115 1809 321 1881; x_wconf 78' lang='lat' dir='ltr'>indelibatas</span> <span class='ocrx_word' id='word_1_94' title='bbox 336 1828 464 1883; x_wconf 89' lang='lat' dir='ltr'>cuncta</span> <span class='ocrx_word' id='word_1_95' title='bbox 479 1830 672 1907; x_wconf 86' lang='lat' dir='ltr'>sequuntur</span> <span class='ocrx_word' id='word_1_96' title='bbox 688 1820 799 1907; x_wconf 59' lang='lat' dir='ltr'>opes*</span> 
     </span>
    </p>

    <p class='ocr_par' dir='ltr' id='par_1_6' title="bbox 63 1904 996 2105">
     <span class='ocr_line' id='line_1_16' title="bbox 63 1904 996 2006; baseline -0.001 -25"><span class='ocrx_word' id='word_1_97' title='bbox 63 1912 118 1981; x_wconf 87' lang='lat' dir='ltr'>At</span> <span class='ocrx_word' id='word_1_98' title='bbox 136 1907 239 1980; x_wconf 89' lang='lat' dir='ltr'>simul</span> <span class='ocrx_word' id='word_1_99' title='bbox 256 1908 413 1995; x_wconf 77' lang='lat' dir='ltr'>intonuit,</span> <span class='ocrx_word' id='word_1_100' title='bbox 431 1907 570 2006; x_wconf 84' lang='lat' dir='ltr'>fugiunt</span> <span class='ocrx_word' id='word_1_101' title='bbox 585 1937 596 1997; x_wconf 84' lang='lat'>3</span> <span class='ocrx_word' id='word_1_102' title='bbox 624 1931 739 2006; x_wconf 86' lang='lat' dir='ltr'>neque</span> <span class='ocrx_word' id='word_1_103' title='bbox 756 1908 907 1980; x_wconf 89' lang='lat' dir='ltr'>noscitur</span> <span class='ocrx_word' id='word_1_104' title='bbox 925 1904 996 1995; x_wconf 88' lang='lat' dir='ltr'>ulli,</span> 
     </span>
     <span class='ocr_line' id='line_1_17' title="bbox 107 2007 973 2105; baseline 0 -25"><span class='ocrx_word' id='word_1_105' title='bbox 107 2007 328 2105; x_wconf 51' lang='lat' dir='ltr'>&gt;Agminibus</span> <span class='ocrx_word' id='word_1_106' title='bbox 353 2008 521 2079; x_wconf 85' lang='lat' dir='ltr'>comitum</span> <span class='ocrx_word' id='word_1_107' title='bbox 539 2009 598 2104; x_wconf 91' lang='lat' dir='ltr'>qui</span> <span class='ocrx_word' id='word_1_108' title='bbox 617 2007 724 2080; x_wconf 78' lang='lat' dir='ltr'>modb</span> <span class='ocrx_word' id='word_1_109' title='bbox 742 2008 874 2080; x_wconf 88' lang='lat' dir='ltr'>cinctus</span> <span class='ocrx_word' id='word_1_110' title='bbox 890 2023 973 2080; x_wconf 87' lang='lat' dir='ltr'>erat.</span> 
     </span>
    </p>
   </div>
   <div class='ocr_carea' id='block_1_6' title="bbox 65 2171 1137 3266">
    <p class='ocr_par' dir='ltr' id='par_1_7' title="bbox 65 2171 1137 3266">
     <span class='ocr_line' id='line_1_18' title="bbox 83 2171 1074 2278; baseline -0.006 -21"><span class='ocrx_word' id='word_1_111' title='bbox 83 2175 156 2257; x_wconf 77' lang='lat' dir='ltr'>..Si</span> <span class='ocrx_word' id='word_1_112' title='bbox 185 2204 255 2274; x_wconf 91' lang='lat' dir='ltr'>qua</span> <span class='ocrx_word' id='word_1_113' title='bbox 282 2180 319 2250; x_wconf 90' lang='lat' dir='ltr'>in</span> <span class='ocrx_word' id='word_1_114' title='bbox 335 2180 494 2276; x_wconf 87' lang='lat' dir='ltr'>Philippo</span> <span class='ocrx_word' id='word_1_115' title='bbox 523 2181 758 2254; x_wconf 85' lang='lat' dir='ltr'>Macedonum</span> <span class='ocrx_word' id='word_1_116' title='bbox 776 2203 860 2278; x_wconf 85' lang='lat' dir='ltr'>rege</span> <span class='ocrx_word' id='word_1_117' title='bbox 873 2171 979 2252; x_wconf 86' lang='lat' dir='ltr'>virtus</span> <span class='ocrx_word' id='word_1_118' title='bbox 995 2178 1074 2268; x_wconf 84' lang='lat' dir='ltr'>luit,</span> 
     </span>
     <span class='ocr_line' id='line_1_19' title="bbox 67 2278 1075 2378; baseline -0.001 -28"><span class='ocrx_word' id='word_1_119' title='bbox 67 2278 358 2350; x_wconf 82' lang='lat' dir='ltr'>contumeliarum</span> <span class='ocrx_word' id='word_1_120' title='bbox 386 2279 545 2374; x_wconf 90' lang='lat' dir='ltr'>patientia</span> <span class='ocrx_word' id='word_1_121' title='bbox 574 2280 695 2377; x_wconf 85' lang='lat' dir='ltr'>ingens</span> <span class='ocrx_word' id='word_1_122' title='bbox 728 2280 776 2351; x_wconf 90' lang='lat' dir='ltr'>illi</span> <span class='ocrx_word' id='word_1_123' title='bbox 809 2281 1075 2378; x_wconf 76' lang='lat' dir='ltr'>instrumentum</span> 
     </span>
     <span class='ocr_line' id='line_1_20' title="bbox 65 2376 1076 2474; baseline 0 -27"><span class='ocrx_word' id='word_1_124' title='bbox 65 2376 137 2449; x_wconf 80' lang='lat' dir='ltr'>fuit</span> <span class='ocrx_word' id='word_1_125' title='bbox 152 2379 196 2450; x_wconf 81' lang='lat' dir='ltr'>ad</span> <span class='ocrx_word' id='word_1_126' title='bbox 214 2377 355 2448; x_wconf 81' lang='lat' dir='ltr'>tutelam</span> <span class='ocrx_word' id='word_1_127' title='bbox 382 2377 491 2474; x_wconf 89' lang='lat' dir='ltr'>regni.</span> <span class='ocrx_word' id='word_1_128' title='bbox 541 2379 780 2449; x_wconf 84' lang='lat' dir='ltr'>Demochares</span> <span class='ocrx_word' id='word_1_129' title='bbox 809 2379 850 2447; x_wconf 86' lang='lat' dir='ltr'>ad</span> <span class='ocrx_word' id='word_1_130' title='bbox 877 2401 969 2460; x_wconf 89' lang='lat' dir='ltr'>eum,</span> <span class='ocrx_word' id='word_1_131' title='bbox 987 2377 1076 2448; x_wconf 84' lang='lat' dir='ltr'>inter</span> 
     </span>
     <span class='ocr_line' id='line_1_21' title="bbox 66 2474 1137 2572; baseline 0 -26"><span class='ocrx_word' id='word_1_132' title='bbox 66 2475 156 2546; x_wconf 88' lang='lat' dir='ltr'>alios</span> <span class='ocrx_word' id='word_1_133' title='bbox 184 2476 447 2547; x_wconf 84' lang='lat' dir='ltr'>Atheniensium</span> <span class='ocrx_word' id='word_1_134' title='bbox 478 2476 618 2572; x_wconf 87' lang='lat' dir='ltr'>legatos,</span> <span class='ocrx_word' id='word_1_135' title='bbox 654 2487 802 2548; x_wconf 82' lang='lat' dir='ltr'>venerat.</span> <span class='ocrx_word' id='word_1_136' title='bbox 856 2474 993 2568; x_wconf 75' lang='lat' dir='ltr'>Auditis</span> <span class='ocrx_word' id='word_1_137' title='bbox 1018 2477 1076 2547; x_wconf 90' lang='lat' dir='ltr'>be·</span> <span class='ocrx_word' id='word_1_138' title='bbox 1136 2543 1137 2546; x_wconf 74' lang='grc'>,</span> 
     </span>
     <span class='ocr_line' id='line_1_22' title="bbox 67 2572 1078 2671; baseline 0.002 -27"><span class='ocrx_word' id='word_1_139' title='bbox 67 2572 178 2671; x_wconf 71' lang='lat' dir='ltr'>trigae</span> <span class='ocrx_word' id='word_1_140' title='bbox 212 2574 391 2669; x_wconf 82' lang='lat' dir='ltr'>legatione,</span> <span class='ocrx_word' id='word_1_141' title='bbox 426 2575 630 2670; x_wconf 90' lang='lat' dir='ltr'>Philippus:</span> <span class='ocrx_word' id='word_1_142' title='bbox 657 2573 784 2662; x_wconf 88' lang='lat' dir='ltr'>Dicite,</span> <span class='ocrx_word' id='word_1_143' title='bbox 818 2573 940 2670; x_wconf 86' lang='lat' dir='ltr'>inquit,</span> <span class='ocrx_word' id='word_1_144' title='bbox 979 2572 1078 2662; x_wconf 85' lang='lat' dir='ltr'>mihi,</span> 
     </span>
     <span class='ocr_line' id='line_1_23' title="bbox 67 2668 1077 2770; baseline 0.001 -26"><span class='ocrx_word' id='word_1_145' title='bbox 67 2668 186 2744; x_wconf 80' lang='lat' dir='ltr'>facere</span> <span class='ocrx_word' id='word_1_146' title='bbox 203 2673 286 2768; x_wconf 90' lang='lat' dir='ltr'>quid</span> <span class='ocrx_word' id='word_1_147' title='bbox 304 2671 444 2766; x_wconf 86' lang='lat' dir='ltr'>possim,</span> <span class='ocrx_word' id='word_1_148' title='bbox 464 2675 558 2769; x_wconf 91' lang='lat' dir='ltr'>quod</span> <span class='ocrx_word' id='word_1_149' title='bbox 575 2672 616 2745; x_wconf 87' lang='lat' dir='ltr'>sit</span> <span class='ocrx_word' id='word_1_150' title='bbox 635 2673 901 2745; x_wconf 86' lang='lat' dir='ltr'>Atheniensibus</span> <span class='ocrx_word' id='word_1_151' title='bbox 925 2691 1077 2770; x_wconf 86' lang='lat' dir='ltr'>gratum.</span> 
     </span>
     <span class='ocr_line' id='line_1_24' title="bbox 65 2770 1078 2868; baseline 0 -26"><span class='ocrx_word' id='word_1_152' title='bbox 65 2771 218 2868; x_wconf 81' lang='lat' dir='ltr'>Excepit</span> <span class='ocrx_word' id='word_1_153' title='bbox 238 2773 495 2844; x_wconf 81' lang='lat' dir='ltr'>Demochares:</span> <span class='ocrx_word' id='word_1_154' title='bbox 532 2773 836 2868; x_wconf 79' lang='lat' dir='ltr'>Tesuspendere&#39;.</span> <span class='ocrx_word' id='word_1_155' title='bbox 887 2770 1078 2868; x_wconf 82' lang='lat' dir='ltr'>indignatio</span> 
     </span>
     <span class='ocr_line' id='line_1_25' title="bbox 68 2865 1077 2964; baseline 0 -24"><span class='ocrx_word' id='word_1_156' title='bbox 68 2865 366 2943; x_wconf 84' lang='lat' dir='ltr'>circumstantium</span> <span class='ocrx_word' id='word_1_157' title='bbox 401 2871 445 2942; x_wconf 80' lang='lat' dir='ltr'>ad</span> <span class='ocrx_word' id='word_1_158' title='bbox 486 2888 557 2941; x_wconf 88' lang='lat' dir='ltr'>tam</span> <span class='ocrx_word' id='word_1_159' title='bbox 603 2871 830 2944; x_wconf 89' lang='lat' dir='ltr'>inhumanum</span> <span class='ocrx_word' id='word_1_160' title='bbox 874 2893 1077 2964; x_wconf 88' lang='lat' dir='ltr'>responsum</span> 
     </span>
     <span class='ocr_line' id='line_1_26' title="bbox 67 2969 1080 3066; baseline 0.002 -28"><span class='ocrx_word' id='word_1_161' title='bbox 67 2983 193 3040; x_wconf 77' lang='lat' dir='ltr'>exorta</span> <span class='ocrx_word' id='word_1_162' title='bbox 219 2987 281 3043; x_wconf 73' lang='lat' dir='ltr'>eet.</span> <span class='ocrx_word' id='word_1_163' title='bbox 334 2971 435 3063; x_wconf 81' lang='lat' dir='ltr'>Quos</span> <span class='ocrx_word' id='word_1_164' title='bbox 461 2969 638 3064; x_wconf 89' lang='lat' dir='ltr'>Philippus</span> <span class='ocrx_word' id='word_1_165' title='bbox 664 2969 893 3062; x_wconf 85' lang='lat' dir='ltr'>conticescere</span> <span class='ocrx_word' id='word_1_166' title='bbox 916 2969 1027 3066; x_wconf 85' lang='lat' dir='ltr'>jussit,</span> <span class='ocrx_word' id='word_1_167' title='bbox 1045 2984 1080 3040; x_wconf 89' lang='lat' dir='ltr'>et</span> 
     </span>
     <span class='ocr_line' id='line_1_27' title="bbox 66 3065 1081 3160; baseline 0 -22"><span class='ocrx_word' id='word_1_168' title='bbox 66 3081 273 3159; x_wconf 74' lang='lat' dir='ltr'>protervum</span> <span class='ocrx_word' id='word_1_169' title='bbox 303 3067 480 3140; x_wconf 88' lang='lat' dir='ltr'>homiaem</span> <span class='ocrx_word' id='word_1_170' title='bbox 509 3067 715 3149; x_wconf 11' lang='lat' dir='ltr'>salrumrtet·</span> <span class='ocrx_word' id='word_1_171' title='bbox 735 3065 1081 3160; x_wconf 78' lang='lat' dir='ltr'>incolomemdimit·</span> 
     </span>
     <span class='ocr_line' id='line_1_28' title="bbox 70 3161 1079 3266; baseline -0.002 -30"><span class='ocrx_word' id='word_1_172' title='bbox 70 3185 157 3238; x_wconf 85' lang='lat' dir='ltr'>tere.</span> <span class='ocrx_word' id='word_1_173' title='bbox 208 3169 258 3240; x_wconf 78' lang='lat' dir='ltr'>At</span> <span class='ocrx_word' id='word_1_174' title='bbox 274 3189 346 3255; x_wconf 79' lang='lat' dir='ltr'>ros,</span> <span class='ocrx_word' id='word_1_175' title='bbox 366 3165 502 3266; x_wconf 84' lang='lat' dir='ltr'>inquit,</span> <span class='ocrx_word' id='word_1_176' title='bbox 532 3166 636 3242; x_wconf 84' lang='lat' dir='ltr'>ceteri</span> <span class='ocrx_word' id='word_1_177' title='bbox 654 3161 765 3266; x_wconf 85' lang='lat' dir='ltr'>legati,</span> <span class='ocrx_word' id='word_1_178' title='bbox 785 3167 944 3242; x_wconf 73' lang='lat' dir='ltr'>nuntiate</span> <span class='ocrx_word' id='word_1_179' title='bbox 968 3163 1079 3242; x_wconf 79' lang='lat' dir='ltr'>Athe-</span> 
     </span>
    </p>
   </div>
   <div class='ocr_carea' id='block_1_7' title="bbox 0 0 1158 3725">
    <p class='ocr_par' dir='ltr' id='par_1_8' title="bbox 0 0 1158 3725">
     <span class='ocr_line' id='line_1_29' title="bbox 0 0 1158 3725; baseline 0 0"><span class='ocrx_word' id='word_1_180' title='bbox 0 0 1158 3725; x_wconf 95' lang='lat' dir='ltr'> </span> 
     </span>
    </p>
   </div>
  </div>
 </body>
</html>
