2292 3725
528 210 606 313 59-
644 346 651 357 ,
703 216 707 224 ’

63 422 182 498 Ovita
198 424 323 501 misero
330 423 466 543 longa:
492 428 591 505 felici
598 426 737 520 brevis,
774 377 776 381 ·
864 486 869 494 -

59 524 187 597 Felices
204 527 368 623 sequeris,
387 553 494 615 mors,
512 529 656 652 miseros
670 528 774 641 fugis
835 545 837 548 ’

108 706 270 783 Hostium
297 707 497 809 repentinus
525 711 693 784 adventus
721 709 831 809 magis
858 642 1056 801 conturbat,

58 828 166 920 quant
184 824 409 905 expectatus:
450 826 495 882 et
500 811 604 884 maris
618 810 731 881 subita
744 826 928 906 tempestas
950 824 1057 885 tenet

56 901 253 1006 navigantes
269 903 522 1071 vehementius,
539 907 648 1005 quam
638 902 744 981 ante
760 908 907 1004 provisa.

503 1056 684 1130 Minuti

14 1216 16 1225 ι
53 1116 205 1327 ISJelrtppet
230 1172 264 1231 et
292 1154 419 1229 infirmi
449 1172 501 1230 est
527 1148 645 1244 animi,
679 1098 867 1256 exiguique
897 1152 1058 1287 voluptas

133 1279 156 1326 ο
239 1290 240 1293 t

105 1410 278 1501 Leonidas
305 1426 601 1514 Lacedaemonius,
630 1451 714 1501 cum
726 1426 902 1500 trecentis
925 1424 1058 1506 civibus

52 1524 146 1640 apud
176 1524 429 1641 Thermopylas
460 1528 616 1643 obJ'ectus
650 1526 811 1599 Xerxi
801 1551 837 1597 ιιι
879 1524 1057 1601 Grae‘eiam
1089 1530 1093 1537 ’

52 1620 259 1717 irrumpenti
272 1648 353 1697 cum
368 1624 617 1712 innumerabili
633 1626 789 1709 militum
806 1618 917 1721 copia,
936 1623 1057 1699 maluit

53 1724 264 1808 occumbere
302 1722 508 1809 dimicando,
552 1748 660 1832 quam
694 1724 899 1821 assignatam
936 1722 1000 1794 sibl
1035 1744 1058 1795 a
1122 1732 1136 1750 ³

53 1818 180 1916 patria
201 1821 381 1898 stationem
419 1822 616 1898 deserere.
656 1822 810 1919 Ideoque
843 1840 914 1894 tarn
954 1818 1057 1896 alacri

53 1921 170 1996 animo
199 1920 398 1994 cohortatus
427 1938 478 2009 est
510 1945 593 1996 suos
620 1922 664 1994 ad
701 1922 737 1994 id
774 1920 945 2017 pralium,
983 1941 1057 2017 quo

54 2018 197 2114 penturr
206 2025 313 2106 erant,
324 2031 366 2091 ut
373 2021 521 2096 d1ceret
540 2021 598 2094 Src
608 2021 784 2117 prandete,
792 2020 1057 2110 commilitones,

55 2131 219 2231 tanquam
236 2119 328 2214 apud
342 2117 471 2192 inferos
496 2121 675 2194 coenaturi.
726 2122 827 2192 Mors
838 2136 911 2192 erat
924 2120 1056 2192 denun-

56 2213 139 2288 ciata
162 2216 322 2292 trecentis
358 2217 423 2292 illis
451 2217 743 2292 Lacedaemoniis:
782 2241 847 2290 nec
878 2215 1057 2292 victoriam

56 2317 247 2480 petebant,
274 2339 338 2390 nec
368 2315 539 2391 reditum:
572 2316 636 2390 ille
665 2315 810 2390 locus''
788 2341 828 2388 us
857 2309 1056 2429 sepulcrum

71 2430 194 2487 uturus
222 2431 305 2487 erat.
373 2415 521 2488 Perinde
554 2431 670 2499 tamen
709 2439 749 2486 ac
790 2413 934 2530 victoria
967 2427 1056 2485 esset

57 2513 234 2605 promissa,
254 2513 388 2586 ductori
404 2511 574 2650 intrepidi
589 2530 788 2611 paruerunt.

58 2659 115 2733 Nil
132 2659 306 2751 admirari,
319 2684 428 2758 prope
437 2685 492 2734 res
505 2679 555 2734 est
571 2647 652 2748 una,
666 2658 819 2750 Numici,
1043 2747 1046 2751 ¹

59 2757 217 2871 Solaque,
233 2787 313 2858 quae
331 2761 438 2859 possit
453 2758 568 2834 facere
581 2778 616 2883 et
631 2784 767 2834 servare
779 2754 932 2835 beatum.

14 2915 16 2956 ⁷
104 2921 220 3007 Nos
210 2951 256 3008 tta
290 2934 510 3104 llpuescitnus
538 2930 695 3048 mollitiei,
722 2948 762 3005 ut
793 2931 866 3030 apis
895 2928 1057 3009 aculeum

60 3029 129 3105 sine
144 3033 297 3107 clamore
328 3059 404 3108 erre
420 3057 492 3113 non
509 3031 693 3131 possimus.
776 3056 779 3062 ’
841 3091 846 3102 .

14 3202 230 3304 Frangere
246 3205 332 3280 dum
347 3205 484 3294 metuis,
496 3203 628 3320 frangis
642 3203 861 3302 αγιιιιιὶιιι,
887 3216 1036 3301 petent

14 3259 24 3386 l
108 3306 249 3384 Securae
262 3305 423 3394 nimiunn,
438 3302 653 3409 solicitaeque
668 3325 800 3380 mmm.
991 3362 998 3369 .
